代码,名称,最新价,IOPV实时估值,基金折价率,涨跌额,涨跌幅,成交量,成交额,开盘价,最高价,最低价,昨收,振幅,换手率,量比,委比,外盘,内盘,主力净流入-净额,主力净流入-净占比,超大单净流入-净额,超大单净流入-净占比,大单净流入-净额,大单净流入-净占比,中单净流入-净额,中单净流入-净占比,小单净流入-净额,小单净流入-净占比,现手,买一,卖一,最新份额,流通市值,总市值,数据日期,更新时间
159822,新经济ETF,0.728,0.6709,-8.51,0.059,8.82,28591128.0,2039311156.083,0.67,0.734,0.67,0.669,9.57,,12.24,-21.52,15306869.0,13284259.0,15904912.0,0.78,20070992.0,0.98,-4166080.0,-0.2,-11288176.0,-0.55,-4616751.0,-0.23,-5624.0,0.728,0.729,593134320.0,431801785,431801785,2025-05-14,2025-05-14 14:21:54+08:00
159329,沙特ETF,1.079,0.9956,-8.38,0.055,5.37,76669989.0,8227989449.102,1.025,1.123,1.025,1.024,9.57,,26.72,-6.34,40003618.0,36666371.0,-79940480.0,-0.97,40137872.0,0.49,-120078352.0,-1.46,59230976.0,0.72,20709504.0,0.25,683.0,1.078,1.079,921689184.0,994502630,994502630,2025-05-14,2025-05-14 14:21:54+08:00
512070,证券保险ETF,0.788,0.7878,-0.03,0.03,3.96,9844671.0,769898600.0,0.757,0.803,0.757,0.758,6.07,11.43,4.97,23.72,5902767.0,3941905.0,55611677.0,7.22,35650496.0,4.63,19961181.0,2.59,-36332154.0,-4.72,-19279527.0,-2.5,50.0,0.787,0.788,8613479680.0,6787421988,6787421988,2025-05-14,2025-05-14 14:21:55+08:00
159509,纳指科技ETF,1.537,1.4809,-3.79,0.055,3.71,11233374.0,1719158044.063,1.516,1.543,1.515,1.482,1.89,17.73,2.13,-16.9,6232409.0,5000964.0,100073888.0,5.82,70410560.0,4.1,29663328.0,1.73,-61414438.0,-3.57,-38659437.0,-2.25,3.0,1.536,1.537,6336564224.0,9739299212,9739299212,2025-05-14,2025-05-14 14:21:54+08:00
513750,港股非银ETF,1.323,1.3267,0.28,0.047,3.68,3248392.0,428231117.0,1.28,1.337,1.28,1.276,4.47,26.51,4.07,-9.41,1587132.0,1661260.0,-3092004.0,-0.72,9842408.0,2.3,-12934412.0,-3.02,3814852.0,0.89,-722849.0,-0.17,78.0,1.322,1.323,1225338000.0,1621122174,1621122174,2025-05-14,2025-05-14 14:21:54+08:00
515630,保险证券ETF,1.268,1.2676,-0.03,0.045,3.68,306457.0,38603566.0,1.223,1.291,1.22,1.223,5.81,14.17,3.63,36.87,176067.0,130390.0,2724620.0,7.06,-724829.0,-1.88,3449449.0,8.94,-1180464.0,-3.06,-1544156.0,-4.0,9.0,1.267,1.268,216217700.0,274164044,274164044,2025-05-14,2025-05-14 14:21:57+08:00
516980,证券ETF先锋,1.078,1.0771,-0.08,0.037,3.55,31434.0,3364981.0,1.043,1.098,1.04,1.041,5.57,9.24,3.7,0.09,16479.0,14955.0,651409.0,19.36,407987.0,12.12,243422.0,7.23,-592678.0,-17.61,-58731.0,-1.75,1.0,1.077,1.078,34016000.0,36669248,36669248,2025-05-14,2025-05-14 14:21:54+08:00
159848,证券ETF基金,0.875,0.875,0.0,0.028,3.31,100358.0,8712722.7,0.846,0.892,0.845,0.847,5.55,7.61,3.77,-2.48,66473.0,33885.0,2191431.0,25.15,590632.0,6.78,1600799.0,18.37,-1277129.0,-14.66,-914303.0,-10.49,3519.0,0.873,0.875,131811239.0,115334834,115334834,2025-05-14,2025-05-14 14:21:51+08:00
515850,券商指数ETF,1.343,1.3425,-0.04,0.043,3.31,289291.0,38429525.0,1.3,1.369,1.296,1.3,5.62,14.74,1.82,41.12,158716.0,130575.0,4501591.0,11.71,2491608.0,6.48,2009983.0,5.23,-2260133.0,-5.88,-2241459.0,-5.83,143.0,1.342,1.343,196291000.0,263618813,263618813,2025-05-14,2025-05-14 14:21:54+08:00
512880,证券ETF,1.097,1.0965,-0.05,0.035,3.3,28474857.0,3096192670.0,1.063,1.119,1.058,1.062,5.74,10.63,2.58,-12.86,16819163.0,11655694.0,368460656.0,11.9,510006448.0,16.47,-141545792.0,-4.57,-216042912.0,-6.98,-152412569.0,-4.92,567.0,1.096,1.097,26794291456.0,29393337727,29393337727,2025-05-14,2025-05-14 14:21:56+08:00
512000,券商ETF,1.048,1.0481,0.01,0.033,3.25,14125068.0,1468857768.0,1.015,1.07,1.012,1.015,5.71,6.21,2.58,-23.55,8565616.0,5559452.0,248470832.0,16.92,214407184.0,14.6,34063648.0,2.32,-147201702.0,-10.02,-101269140.0,-6.89,-4.0,1.048,1.049,22747217664.0,23839084112,23839084112,2025-05-14,2025-05-14 14:21:56+08:00
512900,证券ETF南方,1.084,1.0842,0.02,0.034,3.24,999576.0,107383065.0,1.05,1.106,1.047,1.05,5.62,1.58,2.5,31.24,597870.0,401706.0,9828097.0,9.15,12726215.0,11.85,-2898118.0,-2.7,-6187725.0,-5.76,-3640371.0,-3.39,3683.0,1.084,1.085,6317405952.0,6848068052,6848068052,2025-05-14,2025-05-14 14:21:56+08:00
159842,券商ETF,1.039,1.0395,0.05,0.032,3.18,1722344.0,177509418.5,1.005,1.06,1.004,1.007,5.56,9.72,2.77,31.15,1024281.0,698063.0,37253315.0,20.99,43559401.0,24.54,-6306086.0,-3.55,-23741493.0,-13.38,-13511822.0,-7.61,50.0,1.038,1.039,1771250624.0,1840329398,1840329398,2025-05-14,2025-05-14 14:21:54+08:00
560090,证券ETF龙头,1.176,1.1771,0.09,0.036,3.16,1082237.0,126390152.0,1.14,1.206,1.136,1.14,6.14,6.64,3.42,51.08,613875.0,468362.0,9011278.0,7.13,4815540.0,3.81,4195738.0,3.32,-4425691.0,-3.5,-4585586.0,-3.63,-219.0,1.175,1.177,1629365008.0,1916133249,1916133249,2025-05-14,2025-05-14 14:21:54+08:00
159841,证券ETF,0.993,0.9939,0.09,0.03,3.12,5033931.0,495601197.2,0.962,1.014,0.959,0.963,5.71,7.74,3.34,19.75,2904771.0,2129160.0,120765752.0,24.37,135795513.0,27.4,-15029761.0,-3.03,-78492771.0,-15.84,-42272983.0,-8.53,-50.0,0.993,0.994,6505038592.0,6459503322,6459503322,2025-05-14,2025-05-14 14:21:54+08:00
512570,证券ETF易方达,1.094,1.0952,0.11,0.033,3.11,194079.0,21055694.0,1.062,1.117,1.057,1.061,5.66,2.67,1.77,-0.6,105506.0,88573.0,2116951.0,10.05,1469410.0,6.98,647541.0,3.08,-935066.0,-4.44,-1181885.0,-5.61,282.0,1.094,1.095,725806096.0,794031869,794031869,2025-05-14,2025-05-14 14:21:55+08:00
159993,证券ETF龙头,1.167,1.1677,0.06,0.035,3.09,1369234.0,158349376.055,1.131,1.192,1.127,1.132,5.74,10.21,3.08,-11.38,710440.0,658794.0,32657966.0,20.62,41464294.0,26.19,-8806328.0,-5.56,-21831359.0,-13.79,-10826607.0,-6.84,95.0,1.166,1.167,1341697984.0,1565761547,1565761547,2025-05-14,2025-05-14 14:21:45+08:00
515560,证券ETF建信,1.0,1.0023,0.23,0.03,3.09,111690.0,11191508.0,0.97,1.021,0.968,0.97,5.46,4.82,5.77,8.63,73967.0,37723.0,697674.0,6.23,1574412.0,14.07,-876738.0,-7.83,195171.0,1.74,-892846.0,-7.98,-3.0,1.001,1.002,231883300.0,231883300,231883300,2025-05-14,2025-05-14 14:21:55+08:00
513350,标普油气ETF,0.936,0.9407,0.5,0.028,3.08,1587632.0,148658209.0,0.937,0.939,0.933,0.908,0.66,22.03,0.92,-7.18,772647.0,814985.0,2173367.0,1.46,5609703.0,3.77,-3436336.0,-2.31,-1842587.0,-1.24,-330780.0,-0.22,-8.0,0.936,0.937,720746000.0,674618256,674618256,2025-05-14,2025-05-14 14:21:54+08:00
159529,标普消费ETF,1.605,1.2472,-28.69,0.048,3.08,12822680.0,2083593866.2,1.626,1.669,1.577,1.557,5.91,,3.37,-2.87,6295466.0,6527214.0,-49257915.0,-2.36,-11038811.0,-0.53,-38219104.0,-1.83,-2262464.0,-0.11,51520368.0,2.47,5957.0,1.605,1.606,403536784.0,647676538,647676538,2025-05-14,2025-05-14 14:21:54+08:00
515010,券商ETF基金,1.25,1.2526,0.21,0.037,3.05,326815.0,40609280.0,1.213,1.277,1.209,1.213,5.61,3.98,2.0,8.51,201829.0,124986.0,5501564.0,13.55,4305637.0,10.6,1195927.0,2.94,-2713836.0,-6.68,-2787728.0,-6.86,-179.0,1.251,1.252,820271600.0,1025339500,1025339500,2025-05-14,2025-05-14 14:21:54+08:00
516730,证券公司ETF,0.985,0.9865,0.15,0.029,3.03,180861.0,17664934.0,0.958,1.005,0.955,0.956,5.23,22.64,3.79,-0.3,87954.0,92907.0,-330009.0,-1.87,3179739.0,18.0,-3509748.0,-19.87,541371.0,3.06,-211362.0,-1.2,-4.0,0.985,0.987,79880800.0,78682588,78682588,2025-05-14,2025-05-14 14:21:55+08:00
159518,标普油气ETF,0.896,0.9006,0.51,0.026,2.99,1687645.0,151172412.16,0.898,0.898,0.893,0.87,0.57,15.67,0.85,-7.23,844541.0,843104.0,-691317.0,-0.46,6505232.0,4.3,-7196549.0,-4.76,1408283.0,0.93,-716966.0,-0.47,10.0,0.895,0.896,1077325376.0,965283537,965283537,2025-05-14,2025-05-14 14:21:54+08:00
513090,香港证券ETF,1.564,1.5662,0.14,0.045,2.96,59369649.0,9241983662.0,1.522,1.593,1.518,1.519,4.94,,3.48,-11.05,32161913.0,27207736.0,147495552.0,1.6,181995264.0,1.97,-34499712.0,-0.37,-89186048.0,-0.97,-58314329.0,-0.63,24220.0,1.563,1.564,4700487936.0,7351563132,7351563132,2025-05-14,2025-05-14 14:21:56+08:00
516200,证券ETF指数基金,1.047,1.0491,0.2,0.03,2.95,159405.0,16564821.0,1.017,1.068,1.013,1.017,5.41,4.23,2.01,5.62,83215.0,76190.0,1771737.0,10.7,442259.0,2.67,1329478.0,8.03,-1355957.0,-8.19,-415779.0,-2.51,-3.0,1.047,1.049,376604000.0,394304388,394304388,2025-05-14,2025-05-14 14:21:54+08:00
159692,证券ETF东财,1.2,1.2022,0.18,0.034,2.92,270657.0,32295769.8,1.166,1.225,1.162,1.166,5.4,8.61,2.12,-5.53,155182.0,115475.0,6515174.0,20.17,6147039.0,19.03,368135.0,1.14,-3767608.0,-11.67,-2747566.0,-8.51,-10.0,1.2,1.201,314455968.0,377347162,377347162,2025-05-14,2025-05-14 14:21:54+08:00
159981,能源化工ETF,1.349,1.351,0.15,0.038,2.9,789515.0,106095439.3,1.339,1.352,1.335,1.311,1.3,22.33,1.75,-18.47,367908.0,421607.0,-2790796.0,-2.63,2550794.0,2.4,-5341590.0,-5.03,8285985.0,7.81,-5495189.0,-5.18,-301.0,1.349,1.35,353536960.0,476921359,476921359,2025-05-14,2025-05-14 14:21:54+08:00
159696,纳指ETF易方达,1.422,1.4173,-0.33,0.037,2.67,1890693.0,268198070.222,1.411,1.424,1.411,1.385,0.94,8.43,1.52,14.65,1273429.0,617264.0,18550978.0,6.92,16462389.0,6.14,2088589.0,0.78,-23891964.0,-8.91,5340987.0,1.99,423.0,1.421,1.422,2242824032.0,3189295774,3189295774,2025-05-14,2025-05-14 14:21:57+08:00
159659,纳斯达克100ETF,1.651,1.6439,-0.43,0.043,2.67,2000925.0,329409689.7,1.637,1.653,1.637,1.608,1.0,6.29,1.37,-10.48,1250894.0,750031.0,24324602.0,7.38,39042370.0,11.85,-14717768.0,-4.47,-14256830.0,-4.33,-10067772.0,-3.06,6.0,1.65,1.651,3182744064.0,5254710450,5254710450,2025-05-14,2025-05-14 14:21:54+08:00
159501,纳斯达克指数ETF,1.439,1.4327,-0.44,0.037,2.64,2832011.0,406244289.5,1.429,1.44,1.429,1.402,0.78,5.15,1.02,25.57,1701662.0,1130349.0,20271090.0,4.99,16305820.0,4.01,3965270.0,0.98,-12131426.0,-2.99,-8139665.0,-2.0,280.0,1.438,1.439,5498986496.0,7913041568,7913041568,2025-05-14,2025-05-14 14:21:51+08:00
513390,纳指100ETF,1.718,1.7119,-0.36,0.043,2.57,969611.0,166194224.0,1.706,1.719,1.705,1.675,0.84,5.84,1.21,3.12,631857.0,337754.0,-4294963.0,-2.58,-8593522.0,-5.17,4298559.0,2.59,4507411.0,2.71,-212448.0,-0.13,57.0,1.717,1.718,1659379104.0,2850813301,2850813301,2025-05-14,2025-05-14 14:21:54+08:00
513110,纳斯达克100ETF,1.769,1.7627,-0.36,0.044,2.55,1040625.0,183632694.0,1.758,1.771,1.756,1.725,0.87,4.34,1.2,-2.12,662747.0,377878.0,11049205.0,6.02,18258771.0,9.94,-7209566.0,-3.93,-4959440.0,-2.7,-6089765.0,-3.32,20.0,1.768,1.769,2397435008.0,4241062529,4241062529,2025-05-14,2025-05-14 14:21:54+08:00
510200,上证券商ETF,1.165,1.1686,0.31,0.029,2.55,69812.0,8089155.0,1.136,1.188,1.131,1.136,5.02,5.27,3.07,12.83,44559.0,25253.0,2235792.0,27.64,2104532.0,26.02,131260.0,1.62,-1059800.0,-13.1,-1175993.0,-14.54,-9.0,1.165,1.167,132385500.0,154229108,154229108,2025-05-14,2025-05-14 14:21:55+08:00
159513,纳斯达克100指数ETF,1.295,1.2854,-0.75,0.032,2.53,834677.0,107814731.1,1.283,1.297,1.283,1.263,1.11,1.78,1.3,6.22,500403.0,334274.0,3074481.0,2.85,5959080.0,5.53,-2884599.0,-2.68,-1038058.0,-0.96,-2036423.0,-1.89,298.0,1.294,1.295,4695549184.0,6080736193,6080736193,2025-05-14,2025-05-14 14:21:54+08:00
159941,纳指ETF,1.178,1.1506,-2.38,0.029,2.52,15287770.0,1798622199.2,1.17,1.183,1.167,1.149,1.39,7.01,1.66,35.16,8669529.0,6618241.0,111234176.0,6.18,121143168.0,6.74,-9908992.0,-0.55,-80627979.0,-4.48,-30606219.0,-1.7,20.0,1.177,1.178,21809110272.0,25691131900,25691131900,2025-05-14,2025-05-14 14:21:54+08:00
513300,纳斯达克ETF,1.934,1.907,-1.42,0.047,2.49,5208896.0,1006420526.0,1.92,1.94,1.917,1.887,1.22,11.33,1.46,9.62,3071820.0,2137076.0,149744240.0,14.88,90969456.0,9.04,58774784.0,5.84,-93591234.0,-9.3,-56153001.0,-5.58,-120.0,1.934,1.935,4598171136.0,8892862977,8892862977,2025-05-14,2025-05-14 14:21:56+08:00
159933,国投金融地产ETF,2.883,2.8816,-0.05,0.069,2.45,225.0,64492.7,2.789,2.896,2.789,2.814,3.8,0.04,0.45,-1.48,175.0,50.0,0.0,0.0,0.0,0.0,0.0,0.0,1176.0,1.82,-1176.0,-1.82,-30.0,2.867,2.871,52378943.0,151008493,151008493,2025-05-14,2025-05-14 14:21:54+08:00
159632,纳斯达克ETF,1.753,1.735,-1.04,0.042,2.45,1349948.0,236294205.3,1.744,1.758,1.74,1.711,1.05,2.51,1.09,16.56,796957.0,552991.0,30583912.0,12.94,22309352.0,9.44,8274560.0,3.5,-15204100.0,-6.43,-15379811.0,-6.51,31.0,1.752,1.753,5377720576.0,9427144170,9427144170,2025-05-14,2025-05-14 14:21:54+08:00
159660,纳指100ETF,1.684,1.6671,-1.01,0.04,2.43,591463.0,99369164.051,1.675,1.685,1.672,1.644,0.79,3.35,1.23,18.09,350417.0,241046.0,22158412.0,22.3,20360692.0,20.49,1797720.0,1.81,-11663613.0,-11.74,-10494800.0,-10.56,1000.0,1.683,1.684,1764151360.0,2970830890,2970830890,2025-05-14,2025-05-14 14:21:54+08:00
520830,沙特ETF,1.016,0.9852,-3.13,0.024,2.42,28269938.0,2883776097.0,0.993,1.065,0.992,0.992,7.36,,18.44,17.34,15209764.0,13060174.0,-59102224.0,-2.05,-52081104.0,-1.81,-7021120.0,-0.24,30648992.0,1.06,28453217.0,0.99,-243.0,1.016,1.017,820619008.0,833748912,833748912,2025-05-14,2025-05-14 14:21:55+08:00
513870,纳指ETF富国,1.456,1.4512,-0.33,0.034,2.39,834148.0,121301565.0,1.448,1.459,1.448,1.422,0.77,6.78,1.39,-11.94,453871.0,380277.0,6267639.0,5.17,3337945.0,2.75,2929694.0,2.42,-4623510.0,-3.81,-1644129.0,-1.36,-100.0,1.456,1.457,1230671008.0,1791856988,1791856988,2025-05-14,2025-05-14 14:21:56+08:00
513100,纳指ETF,1.558,1.5286,-1.92,0.036,2.37,7559134.0,1177237810.0,1.546,1.566,1.546,1.522,1.31,7.96,1.8,14.87,4136267.0,3422867.0,168855920.0,14.34,137346416.0,11.67,31509504.0,2.68,-89671366.0,-7.62,-79184568.0,-6.73,-10.0,1.558,1.559,9499110656.0,14799614402,14799614402,2025-05-14,2025-05-14 14:21:54+08:00
516100,金融科技ETF华夏,1.192,1.1925,0.04,0.027,2.32,315679.0,37458184.0,1.16,1.22,1.156,1.165,5.49,13.62,1.66,52.16,188567.0,127112.0,5318943.0,14.2,7642237.0,20.4,-2323294.0,-6.2,-3406895.0,-9.1,-1912049.0,-5.1,-300.0,1.193,1.194,231759700.0,276257562,276257562,2025-05-14,2025-05-14 14:21:56+08:00
159851,金融科技ETF,1.458,1.4591,0.08,0.033,2.32,5412896.0,785368379.2,1.424,1.492,1.412,1.425,5.61,17.8,1.81,7.83,3109900.0,2302996.0,47251803.0,6.02,29932848.0,3.81,17318955.0,2.21,-31196745.0,-3.97,-16055055.0,-2.04,-51.0,1.458,1.459,3040452080.0,4432979133,4432979133,2025-05-14,2025-05-14 14:21:54+08:00
513050,中概互联网ETF,1.442,1.4102,-2.26,0.031,2.2,22160371.0,3181842612.0,1.426,1.448,1.425,1.411,1.63,9.02,1.36,9.18,12620520.0,9539851.0,360516240.0,11.33,450065328.0,14.14,-89549088.0,-2.81,-232729785.0,-7.31,-127930745.0,-4.02,-620.0,1.442,1.443,24567432704.0,35426237959,35426237959,2025-05-14,2025-05-14 14:21:55+08:00
159323,港股通汽车ETF,1.261,1.264,0.24,0.027,2.19,605138.0,76101059.156,1.242,1.269,1.239,1.234,2.43,61.06,0.93,-11.59,332040.0,273098.0,4164155.0,5.47,3445048.0,4.53,719107.0,0.94,-1125520.0,-1.48,-3038635.0,-3.99,33.0,1.261,1.262,99097378.0,124961794,124961794,2025-05-14,2025-05-14 14:21:51+08:00
513140,港股金融ETF,1.368,1.3691,0.08,0.029,2.17,274912.0,37436661.0,1.34,1.374,1.34,1.339,2.54,47.1,1.34,14.56,154213.0,120699.0,-19419.0,-0.05,1407653.0,3.76,-1427072.0,-3.81,385219.0,1.03,-365800.0,-0.98,348.0,1.367,1.369,58368000.0,79847424,79847424,2025-05-14,2025-05-14 14:21:56+08:00
159302,港股高股息ETF,1.175,1.18,0.42,0.025,2.17,147143.0,17192522.274,1.155,1.184,1.154,1.15,2.61,13.91,2.25,-41.4,100025.0,47118.0,652339.0,3.79,-1229941.0,-7.15,1882280.0,10.95,471462.0,2.74,-1123801.0,-6.54,78.0,1.175,1.176,105797609.0,124312191,124312191,2025-05-14,2025-05-14 14:21:51+08:00
159931,金融ETF,1.865,1.8629,-0.11,0.039,2.14,25658.0,4773795.559,1.826,1.886,1.822,1.826,3.5,7.94,1.8,11.61,15751.0,9907.0,598449.0,12.54,1060313.0,22.21,-461864.0,-9.67,-213844.0,-4.48,-384606.0,-8.06,100.0,1.864,1.865,32328511.0,60292673,60292673,2025-05-14,2025-05-14 14:21:51+08:00
516860,金融科技ETF,1.246,1.2476,0.13,0.026,2.13,908920.0,112369979.0,1.22,1.277,1.207,1.22,5.74,12.21,1.72,54.31,503998.0,404922.0,10083840.0,8.97,17677038.0,15.73,-7593198.0,-6.76,-4929610.0,-4.39,-5154229.0,-4.59,-68.0,1.246,1.247,744522000.0,927674412,927674412,2025-05-14,2025-05-14 14:21:56+08:00
513530,港股通红利ETF,1.547,1.5471,0.01,0.032,2.11,237512.0,36521335.0,1.52,1.547,1.517,1.515,1.98,2.18,0.91,25.87,151474.0,86038.0,-1064197.0,-2.91,653586.0,1.79,-1717783.0,-4.7,1588530.0,4.35,-524332.0,-1.44,22.0,1.546,1.547,1089438704.0,1685361675,1685361675,2025-05-14,2025-05-14 14:21:55+08:00
513850,美国50ETF,1.356,1.352,-0.3,0.028,2.11,1246692.0,168623365.0,1.349,1.357,1.347,1.328,0.75,7.45,1.39,0.79,800351.0,446341.0,12791325.0,7.59,11419247.0,6.77,1372078.0,0.81,-7628270.0,-4.52,-5166447.0,-3.06,175.0,1.355,1.356,1672892608.0,2268442376,2268442376,2025-05-14,2025-05-14 14:21:56+08:00
520600,港股汽车ETF,1.213,1.2183,0.44,0.025,2.1,2828922.0,342060336.0,1.196,1.221,1.192,1.188,2.44,63.81,1.06,-11.55,1481789.0,1347133.0,26574545.0,7.77,17335275.0,5.07,9239270.0,2.7,-18944763.0,-5.54,-7629782.0,-2.23,-42.0,1.213,1.214,443368000.0,537805384,537805384,2025-05-14,2025-05-14 14:21:55+08:00
513220,中概互联ETF,1.278,1.2531,-1.99,0.026,2.08,778636.0,99055762.0,1.262,1.285,1.261,1.252,1.92,35.7,1.12,-14.09,470032.0,308604.0,12403151.0,12.52,12372882.0,12.49,30269.0,0.03,-7065971.0,-7.13,-5337180.0,-5.39,50.0,1.277,1.278,218109400.0,278743813,278743813,2025-05-14,2025-05-14 14:21:55+08:00
159605,中概互联ETF,1.091,1.0746,-1.53,0.022,2.06,6714074.0,730786123.288,1.082,1.097,1.081,1.069,1.5,14.68,0.96,-1.77,4017623.0,2696451.0,84863992.0,11.61,123821185.0,16.94,-38957193.0,-5.33,-61686783.0,-8.44,-23177215.0,-3.17,-75.0,1.091,1.092,4574486272.0,4990764523,4990764523,2025-05-14,2025-05-14 14:21:54+08:00
510900,H股ETF,1.109,1.1105,0.14,0.022,2.02,2943890.0,324626732.0,1.093,1.112,1.093,1.087,1.75,3.52,1.32,18.29,1790181.0,1153709.0,20330565.0,6.26,38407930.0,11.83,-18077365.0,-5.57,-17609268.0,-5.42,-2721296.0,-0.84,-1210.0,1.109,1.11,8362021888.0,9273482274,9273482274,2025-05-14,2025-05-14 14:21:54+08:00
159577,美国50ETF,1.221,1.2166,-0.36,0.024,2.01,575294.0,70040019.569,1.213,1.221,1.213,1.197,0.67,6.18,1.53,33.64,261590.0,313703.0,1317640.0,1.88,-4909781.0,-7.01,6227421.0,8.89,730703.0,1.04,-2048343.0,-2.92,10.0,1.22,1.221,930665792.0,1136342932,1136342932,2025-05-14,2025-05-14 14:21:51+08:00
159940,金融地产ETF,1.191,1.1925,0.13,0.023,1.97,56362.0,6696786.8,1.171,1.202,1.165,1.168,3.17,0.64,1.69,29.85,38019.0,18343.0,1697763.0,25.35,1465304.0,21.88,232459.0,3.47,-914407.0,-13.65,-783355.0,-11.7,-10.0,1.191,1.192,874059984.0,1041005441,1041005441,2025-05-14,2025-05-14 14:21:51+08:00
159607,中概互联网ETF,1.085,1.0697,-1.43,0.021,1.97,2715410.0,294030031.0,1.075,1.092,1.074,1.064,1.69,22.54,1.08,-6.7,1741412.0,973998.0,30754996.0,10.46,17083413.0,5.81,13671583.0,4.65,-19712169.0,-6.7,-11042827.0,-3.76,-947.0,1.086,1.087,1204829136.0,1307239613,1307239613,2025-05-14,2025-05-14 14:21:54+08:00
513190,港股通金融ETF,1.53,1.5299,-0.01,0.028,1.86,572828.0,87283598.0,1.504,1.539,1.498,1.502,2.73,11.17,1.27,9.27,313820.0,259008.0,-7144086.0,-8.19,-4515369.0,-5.17,-2628717.0,-3.01,-267820.0,-0.31,7411906.0,8.49,-174.0,1.53,1.531,512936000.0,784792080,784792080,2025-05-14,2025-05-14 14:21:56+08:00
510230,金融ETF,1.372,1.3724,0.03,0.025,1.86,556750.0,76105939.0,1.346,1.384,1.343,1.347,3.04,1.58,2.44,-2.1,338066.0,218684.0,-926257.0,-1.22,2934687.0,3.86,-3860944.0,-5.07,-697876.0,-0.92,1624134.0,2.13,-80.0,1.372,1.373,3518808000.0,4827804576,4827804576,2025-05-14,2025-05-14 14:21:53+08:00
159920,恒生ETF,1.447,1.4509,0.27,0.025,1.76,5418403.0,780291163.764,1.434,1.451,1.43,1.422,1.48,4.86,1.07,-12.33,3242232.0,2176171.0,69787088.0,8.94,106994352.0,13.71,-37207264.0,-4.77,-42892282.0,-5.5,-26894810.0,-3.45,-10.0,1.447,1.448,11139559168.0,16118942116,16118942116,2025-05-14,2025-05-14 14:21:54+08:00
513920,港股通央企红利ETF,1.398,1.4051,0.51,0.024,1.75,1362861.0,189097997.0,1.377,1.402,1.374,1.374,2.04,5.3,1.2,-2.62,777720.0,585141.0,2916163.0,1.54,-15385314.0,-8.14,18301477.0,9.68,-1384171.0,-0.73,-1531992.0,-0.81,10.0,1.397,1.398,2572231008.0,3595978949,3595978949,2025-05-14,2025-05-14 14:21:54+08:00
159569,港股红利低波ETF,1.221,1.2264,0.44,0.021,1.75,304439.0,36982624.3,1.202,1.223,1.2,1.2,1.92,29.23,1.3,0.55,156102.0,148337.0,2542384.0,6.87,521119.0,1.41,2021265.0,5.47,-1815096.0,-4.91,-727288.0,-1.97,-951.0,1.221,1.222,104147241.0,127163781,127163781,2025-05-14,2025-05-14 14:21:54+08:00
159850,恒生国企ETF,0.87,0.8729,0.33,0.015,1.75,388537.0,33623939.93,0.858,0.873,0.858,0.855,1.75,3.7,0.68,-1.18,217789.0,170748.0,4997989.0,14.86,4873791.0,14.5,124198.0,0.37,-3687292.0,-10.97,-1310699.0,-3.9,16.0,0.869,0.87,1048706496.0,912374652,912374652,2025-05-14,2025-05-14 14:21:54+08:00
512640,金融地产ETF基金,2.343,2.3481,0.22,0.04,1.74,67085.0,15597937.0,2.298,2.368,2.295,2.303,3.17,20.81,1.35,10.43,35827.0,31258.0,773951.0,4.96,0.0,0.0,773951.0,4.96,-538082.0,-3.45,-235870.0,-1.51,-32.0,2.345,2.348,32240900.0,75540429,75540429,2025-05-14,2025-05-14 14:21:54+08:00
513320,恒生新经济ETF,1.301,1.3016,0.05,0.022,1.72,678137.0,88005871.0,1.287,1.307,1.286,1.279,1.64,48.43,1.55,14.19,383480.0,294657.0,5623356.0,6.39,4088711.0,4.65,1534645.0,1.74,-3358268.0,-3.82,-2265089.0,-2.57,-360.0,1.3,1.302,140010600.0,182153791,182153791,2025-05-14,2025-05-14 14:21:54+08:00
159318,恒生港股通ETF,1.281,1.2915,0.81,0.021,1.67,185731.0,23675264.3,1.269,1.285,1.266,1.26,1.51,35.99,1.38,-16.39,120907.0,64824.0,3002377.0,12.68,1174294.0,4.96,1828083.0,7.72,-1842324.0,-7.78,-1160053.0,-4.9,1.0,1.28,1.281,51601647.0,66101710,66101710,2025-05-14,2025-05-14 14:21:51+08:00
513500,标普500ETF,2.01,2.0014,-0.43,0.033,1.67,2192309.0,439906355.0,1.998,2.013,1.998,1.977,0.76,2.35,1.26,10.83,1224934.0,967375.0,-963529.0,-0.22,-2326694.0,-0.53,1363165.0,0.31,15816076.0,3.6,-14852145.0,-3.38,17.0,2.009,2.01,9321638656.0,18736493699,18736493699,2025-05-14,2025-05-14 14:21:56+08:00
159687,亚太精选ETF,1.346,1.341,-0.37,0.022,1.66,1164343.0,156237349.0,1.328,1.349,1.328,1.324,1.59,25.76,4.34,-6.09,639888.0,524455.0,1930299.0,1.24,-1507468.0,-0.96,3437767.0,2.2,91094.0,0.06,-2021392.0,-1.29,-307.0,1.345,1.347,452028656.0,608430571,608430571,2025-05-14,2025-05-14 14:21:54+08:00
513830,港股红利ETF,1.043,1.0533,0.98,0.017,1.66,721770.0,74955896.0,1.029,1.046,1.029,1.026,1.66,20.03,2.87,-19.93,392236.0,329534.0,18073383.0,24.11,25183877.0,33.6,-7110494.0,-9.49,-16741712.0,-22.34,-1331671.0,-1.78,-480.0,1.043,1.044,360311008.0,375804381,375804381,2025-05-14,2025-05-14 14:21:55+08:00
530000,上证50ETF天弘,1.238,1.2372,-0.06,0.02,1.64,7561.0,935373.0,1.218,1.244,1.208,1.218,2.96,0.05,0.95,-1.43,2907.0,4654.0,320983.0,34.32,0.0,0.0,320983.0,34.32,-300493.0,-32.13,-20490.0,-2.19,5.0,1.235,1.237,1525029408.0,1887986407,1887986407,2025-05-14,2025-05-14 14:21:54+08:00
513550,港股通50ETF,1.068,1.0696,0.15,0.017,1.62,419628.0,44679193.0,1.057,1.072,1.056,1.051,1.52,1.68,0.59,-0.81,260679.0,158949.0,4660558.0,10.43,5117961.0,11.45,-457403.0,-1.02,-2582581.0,-5.78,-2077975.0,-4.65,-126.0,1.068,1.069,2496992000.0,2666787456,2666787456,2025-05-14,2025-05-14 14:21:55+08:00
513660,恒生ETF,2.9,2.9012,0.04,0.046,1.61,537482.0,155246264.0,2.869,2.909,2.866,2.854,1.51,3.87,0.85,9.82,335732.0,201750.0,13912990.0,8.96,25752438.0,16.59,-11839448.0,-7.63,-8489757.0,-5.47,-5423232.0,-3.49,7.0,2.9,2.901,1390000096.0,4031000278,4031000278,2025-05-14,2025-05-14 14:21:56+08:00
513210,恒生ETF易方达,1.464,1.4672,0.22,0.023,1.6,76145.0,11081972.0,1.446,1.469,1.446,1.441,1.6,21.19,1.27,-3.92,55842.0,20303.0,1784267.0,16.1,1042612.0,9.41,741655.0,6.69,-834907.0,-7.53,-949360.0,-8.57,92.0,1.463,1.466,35942000.0,52619088,52619088,2025-05-14,2025-05-14 14:21:55+08:00
513820,港股红利ETF基金,1.152,1.1534,0.12,0.018,1.59,770817.0,88293924.0,1.133,1.155,1.131,1.134,2.12,3.53,1.31,19.12,434875.0,335942.0,971989.0,1.1,-3441914.0,-3.9,4413903.0,5.0,1988850.0,2.25,-2960838.0,-3.35,-63.0,1.152,1.153,2182669008.0,2514434697,2514434697,2025-05-14,2025-05-14 14:21:55+08:00
513600,恒生指数ETF,2.705,2.7067,0.06,0.042,1.58,1116200.0,300772636.0,2.678,2.713,2.674,2.663,1.46,18.61,1.24,-1.55,599533.0,516667.0,31661152.0,10.53,33750022.0,11.22,-2088870.0,-0.69,-15636836.0,-5.2,-16024317.0,-5.33,-197.0,2.705,2.706,599829504.0,1622538808,1622538808,2025-05-14,2025-05-14 14:21:55+08:00
513730,东南亚科技ETF,1.233,1.2386,0.45,0.019,1.57,784446.0,96736459.0,1.225,1.238,1.221,1.214,1.4,5.47,1.23,-1.2,407233.0,377213.0,4149074.0,4.29,2541441.0,2.63,1607633.0,1.66,-2896238.0,-2.99,-1252836.0,-1.3,81.0,1.232,1.233,1433355008.0,1767326725,1767326725,2025-05-14,2025-05-14 14:21:56+08:00
516530,物流快递ETF,0.907,0.9081,0.12,0.014,1.57,17865.0,1612196.0,0.893,0.907,0.89,0.893,1.9,2.22,3.2,37.07,12188.0,5677.0,379004.0,23.51,206826.0,12.83,172178.0,10.68,-381066.0,-23.64,2062.0,0.13,-633.0,0.907,0.908,80302300.0,72834186,72834186,2025-05-14,2025-05-14 14:21:53+08:00
159747,香港科技ETF,1.364,1.3697,0.42,0.021,1.56,1098229.0,149503282.95,1.35,1.371,1.347,1.343,1.79,34.03,0.98,2.47,692947.0,405282.0,15076723.0,10.08,2696153.0,1.8,12380570.0,8.28,-9149142.0,-6.12,-5927581.0,-3.96,1225.0,1.363,1.365,322712272.0,440179539,440179539,2025-05-14,2025-05-14 14:21:57+08:00
510600,申万上证50ETF,3.526,3.526,0.0,0.054,1.56,14062.0,4920062.0,3.483,3.544,3.477,3.472,1.93,7.76,1.0,-8.11,5752.0,8310.0,195207.0,3.97,281791.0,5.73,-86584.0,-1.76,-122912.0,-2.5,-72296.0,-1.47,-1.0,3.518,3.525,18115100.0,63873843,63873843,2025-05-14,2025-05-14 14:21:54+08:00
159741,恒生科技ETF基金,0.716,0.7169,0.13,0.011,1.56,2175247.0,155545477.2,0.711,0.72,0.71,0.705,1.42,16.07,1.01,-10.85,1256363.0,918884.0,14754299.0,9.49,34352543.0,22.09,-19598244.0,-12.6,-11766614.0,-7.56,-2987684.0,-1.92,5.0,0.715,0.716,1353796720.0,969318452,969318452,2025-05-14,2025-05-14 14:21:51+08:00
512550,A50ETF基金,1.569,1.5702,0.08,0.024,1.55,68945.0,10761647.0,1.547,1.578,1.546,1.545,2.07,2.94,1.5,-8.79,36247.0,32698.0,2694443.0,25.04,0.0,0.0,2694443.0,25.04,-966094.0,-8.98,-1728348.0,-16.06,1000.0,1.568,1.569,234906000.0,368567514,368567514,2025-05-14,2025-05-14 14:21:55+08:00
513580,恒生科技ETF指数基金,0.722,0.7237,0.23,0.011,1.55,3224428.0,232809487.0,0.718,0.728,0.716,0.711,1.69,9.24,1.01,-19.79,1925216.0,1299212.0,14394782.0,6.18,23328523.0,10.02,-8933741.0,-3.84,-10020333.0,-4.3,-4374448.0,-1.88,-645.0,0.722,0.723,3491118000.0,2520587196,2520587196,2025-05-14,2025-05-14 14:21:55+08:00
563090,上证50增强ETF易方达,1.057,1.0582,0.11,0.016,1.54,8438.0,886068.0,1.041,1.068,1.04,1.041,2.69,1.57,1.18,-21.22,5617.0,2821.0,301911.0,34.07,71888.0,8.11,230023.0,25.96,-178822.0,-20.18,-123088.0,-13.89,-1.0,1.055,1.056,53848000.0,56917336,56917336,2025-05-14,2025-05-14 14:21:55+08:00
510650,金融地产ETF,2.847,2.8506,0.13,0.043,1.53,8490.0,2402258.0,2.798,2.867,2.797,2.804,2.5,5.68,1.76,5.34,5472.0,3018.0,127157.0,5.29,0.0,0.0,127157.0,5.29,-63239.0,-2.63,-63919.0,-2.66,-21.0,2.848,2.85,14952500.0,42569768,42569768,2025-05-14,2025-05-14 14:21:55+08:00
159742,恒生科技指数ETF,0.737,0.7368,-0.03,0.011,1.52,3497082.0,257676389.54,0.732,0.742,0.731,0.726,1.52,13.27,1.06,17.23,1985122.0,1511960.0,16358415.0,6.35,23082084.0,8.96,-6723669.0,-2.61,-11666104.0,-4.53,-4692310.0,-1.82,2500.0,0.736,0.737,2635928288.0,1942679148,1942679148,2025-05-14,2025-05-14 14:21:54+08:00
513070,港股消费ETF易方达,1.352,1.3527,0.05,0.02,1.5,188396.0,25379613.0,1.334,1.357,1.334,1.332,1.73,4.48,0.74,-14.38,104392.0,84004.0,994051.0,3.92,-1896638.0,-7.47,2890689.0,11.39,-370093.0,-1.46,-623958.0,-2.46,-300.0,1.352,1.353,420760800.0,568868602,568868602,2025-05-14,2025-05-14 14:21:55+08:00
513010,恒生科技ETF易方达,0.744,0.7459,0.25,0.011,1.5,15800374.0,1175476617.0,0.739,0.75,0.739,0.733,1.5,10.13,1.08,1.45,8780786.0,7019589.0,79228400.0,6.74,153987328.0,13.1,-74758928.0,-6.36,-63744468.0,-5.42,-15483938.0,-1.32,361.0,0.743,0.744,15603307008.0,11608860414,11608860414,2025-05-14,2025-05-14 14:21:56+08:00
510710,上证50ETF博时,3.785,3.787,0.05,0.056,1.5,79067.0,29652416.0,3.729,3.81,3.722,3.729,2.36,4.78,3.25,27.38,40377.0,38690.0,1042198.0,3.51,4341370.0,14.64,-3299172.0,-11.13,-442369.0,-1.49,-599829.0,-2.02,1.0,3.781,3.785,165518900.0,626489037,626489037,2025-05-14,2025-05-14 14:21:53+08:00
513590,香港消费ETF,0.947,0.9515,0.47,0.014,1.5,859481.0,81139486.0,0.937,0.951,0.937,0.933,1.5,20.13,1.1,-35.31,506323.0,353158.0,9759012.0,12.03,7433070.0,9.16,2325942.0,2.87,-6930659.0,-8.54,-2828352.0,-3.49,25.0,0.946,0.947,426918896.0,404292195,404292195,2025-05-14,2025-05-14 14:21:56+08:00
512250,中证A50ETF招商,1.082,1.0776,-0.41,0.016,1.5,27466.0,2953832.0,1.065,1.085,1.062,1.066,2.16,17.06,1.66,9.69,17644.0,9822.0,199007.0,6.74,1218755.0,41.26,-1019748.0,-34.52,-148410.0,-5.02,-50597.0,-1.71,5.0,1.077,1.079,16100100.0,17420308,17420308,2025-05-14,2025-05-14 14:21:57+08:00
159312,恒生ETF港股通,1.152,1.1625,0.9,0.017,1.5,115990.0,13311618.6,1.14,1.156,1.14,1.135,1.41,17.0,0.89,-28.83,65959.0,50031.0,2046095.0,15.37,0.0,0.0,2046095.0,15.37,-1215745.0,-9.13,-830351.0,-6.24,-1.0,1.152,1.153,68224353.0,78594455,78594455,2025-05-14,2025-05-14 14:21:51+08:00
512690,酒ETF,0.613,0.6136,0.1,0.009,1.49,14855531.0,905553346.0,0.604,0.62,0.6,0.604,3.31,8.13,1.99,33.76,8313160.0,6542370.0,108083717.0,11.94,163981584.0,18.11,-55897867.0,-6.17,-75710746.0,-8.36,-32373521.0,-3.57,730.0,0.612,0.613,18279650304.0,11205425636,11205425636,2025-05-14,2025-05-14 14:21:55+08:00
517170,沪港深ETF,0.887,0.8891,0.24,0.013,1.49,551.0,48855.0,0.879,0.89,0.879,0.874,1.26,0.13,0.66,-8.97,508.0,43.0,-10463.0,-21.42,0.0,0.0,-10463.0,-21.42,17760.0,36.35,-7298.0,-14.94,1.0,0.886,0.887,41131800.0,36483907,36483907,2025-05-14,2025-05-14 14:21:54+08:00
510850,上证50ETF工银,3.162,3.1614,-0.02,0.046,1.48,59497.0,18749133.0,3.123,3.186,3.122,3.116,2.05,8.56,1.71,12.51,37431.0,22066.0,-1978501.0,-10.55,-1404844.0,-7.49,-573657.0,-3.06,2038471.0,10.87,-59970.0,-0.32,700.0,3.159,3.162,69498900.0,219755522,219755522,2025-05-14,2025-05-14 14:21:53+08:00
513690,港股红利ETF博时,0.964,0.9644,0.04,0.014,1.47,956140.0,92024118.0,0.951,0.968,0.951,0.95,1.79,2.34,2.17,-0.75,532264.0,423876.0,-10232141.0,-11.12,-7283555.0,-7.91,-2948586.0,-3.2,10299914.0,11.19,-67774.0,-0.07,-1.0,0.964,0.965,4093479904.0,3946114627,3946114627,2025-05-14,2025-05-14 14:21:54+08:00
159735,港股消费ETF,0.831,0.8331,0.25,0.012,1.47,955256.0,79220638.22,0.822,0.835,0.822,0.819,1.59,12.1,0.83,-10.7,578978.0,376278.0,12740972.0,16.08,18835460.0,23.78,-6094488.0,-7.69,-10199325.0,-12.87,-2541646.0,-3.21,-1.0,0.831,0.832,789561376.0,656125503,656125503,2025-05-14,2025-05-14 14:21:54+08:00
530050,上证50ETF东财,1.045,1.047,0.19,0.015,1.46,87499.0,9085350.0,1.032,1.054,1.031,1.03,2.23,4.84,1.7,17.54,40619.0,46880.0,428744.0,4.72,1577313.0,17.36,-1148569.0,-12.64,-221825.0,-2.44,-206919.0,-2.28,-50.0,1.045,1.048,180813000.0,188949585,188949585,2025-05-14,2025-05-14 14:21:53+08:00
563280,A50增强ETF,1.11,1.1088,-0.11,0.016,1.46,15119.0,1676724.0,1.104,1.113,1.095,1.094,1.65,15.58,36.17,-32.62,10532.0,4587.0,26809.0,1.6,391138.0,23.33,-364329.0,-21.73,6775.0,0.4,-33585.0,-2.0,10.0,1.107,1.11,9706600.0,10774326,10774326,2025-05-14,2025-05-14 14:21:54+08:00
513650,标普500ETF南方,1.527,1.5239,-0.2,0.022,1.46,625336.0,95400858.0,1.519,1.529,1.519,1.505,0.66,2.68,1.53,-10.62,334574.0,290762.0,8030307.0,8.42,1420565.0,1.49,6609742.0,6.93,-7918402.0,-8.3,-111906.0,-0.12,3.0,1.526,1.527,2330734000.0,3559030818,3559030818,2025-05-14,2025-05-14 14:21:54+08:00
513770,港股互联网ETF,1.051,1.0532,0.21,0.015,1.45,5156259.0,541252119.0,1.043,1.057,1.038,1.036,1.83,11.15,1.34,4.03,2806731.0,2349527.0,25584634.0,4.73,29789820.0,5.5,-4205186.0,-0.78,-19550779.0,-3.61,-6033855.0,-1.11,20384.0,1.051,1.052,4623568896.0,4859370910,4859370910,2025-05-14,2025-05-14 14:21:56+08:00
516910,物流ETF,1.05,1.0503,0.03,0.015,1.45,210202.0,21893913.0,1.036,1.051,1.032,1.035,1.84,38.82,1.81,6.08,116991.0,93211.0,-153129.0,-0.7,-3430589.0,-15.67,3277460.0,14.97,-256216.0,-1.17,409345.0,1.87,-80.0,1.05,1.051,54141800.0,56848890,56848890,2025-05-14,2025-05-14 14:21:54+08:00
159655,标普ETF,1.54,1.5377,-0.15,0.022,1.45,1584516.0,243921567.1,1.537,1.543,1.535,1.518,0.53,7.25,1.92,-33.94,1022472.0,562044.0,11964453.0,4.91,504642.0,0.21,11459811.0,4.7,-5534804.0,-2.27,-6429648.0,-2.64,-168.0,1.54,1.541,2184143040.0,3363580282,3363580282,2025-05-14,2025-05-14 14:21:54+08:00
563000,中国A50ETF,0.843,0.8443,0.15,0.012,1.44,585180.0,49137301.0,0.833,0.849,0.832,0.831,2.05,1.19,2.3,8.84,309655.0,275525.0,9605705.0,19.55,10205482.0,20.77,-599777.0,-1.22,-6521560.0,-13.27,-3084145.0,-6.28,-1000.0,0.843,0.844,4900951040.0,4131501727,4131501727,2025-05-14,2025-05-14 14:21:56+08:00
513900,港股通100ETF,0.988,0.9936,0.56,0.014,1.44,264130.0,26029358.0,0.978,0.991,0.978,0.974,1.33,15.72,1.09,-0.15,148545.0,115585.0,2233019.0,8.58,1529810.0,5.88,703209.0,2.7,-1570274.0,-6.03,-662745.0,-2.55,3000.0,0.987,0.988,167978000.0,165962264,165962264,2025-05-14,2025-05-14 14:21:56+08:00
159954,H股ETF,0.985,0.9872,0.22,0.014,1.44,79347.0,7784587.9,0.975,0.99,0.974,0.971,1.65,1.88,1.38,-17.0,44221.0,35126.0,1265734.0,16.26,1695059.0,21.77,-429325.0,-5.52,-852961.0,-10.96,-412773.0,-5.3,157.0,0.985,0.986,421605088.0,415281012,415281012,2025-05-14,2025-05-14 14:21:54+08:00
510100,上证50ETF易方达,2.746,2.7472,0.04,0.039,1.44,864857.0,237178763.0,2.703,2.768,2.703,2.707,2.4,5.06,1.6,15.79,428389.0,436468.0,4203646.0,1.77,-25672808.0,-10.82,29876454.0,12.6,1580247.0,0.67,-5783893.0,-2.44,30.0,2.745,2.746,1708706800.0,4692108873,4692108873,2025-05-14,2025-05-14 14:21:55+08:00
510190,上证50ETF指数基金,3.9,3.9037,0.09,0.055,1.43,9873.0,3831948.0,3.86,3.928,3.751,3.845,4.6,2.05,1.13,-38.08,6658.0,3215.0,517349.0,13.5,0.0,0.0,517349.0,13.5,-32469.0,-0.85,-484879.0,-12.65,10.0,3.898,3.902,48150800.0,187788120,187788120,2025-05-14,2025-05-14 14:21:55+08:00
510950,上证50ETF指数,1.14,1.1417,0.15,0.016,1.42,103933.0,11785565.0,1.12,1.149,1.12,1.124,2.58,14.35,2.48,3.36,74603.0,29330.0,1595022.0,13.53,886706.0,7.52,708316.0,6.01,-1175911.0,-9.98,-419111.0,-3.56,-1000.0,1.139,1.14,72450000.0,82593000,82593000,2025-05-14,2025-05-14 14:21:54+08:00
159792,港股通互联网ETF,0.856,0.8608,0.56,0.012,1.42,33545291.0,2867793369.5,0.85,0.861,0.847,0.844,1.66,5.88,1.36,-7.61,18552978.0,14992313.0,340316800.0,11.87,594236208.0,20.72,-253919408.0,-8.85,-294587144.0,-10.27,-45729656.0,-1.59,-3297.0,0.856,0.857,57022855168.0,48811564024,48811564024,2025-05-14,2025-05-14 14:21:54+08:00
159740,恒生科技ETF,0.717,0.7181,0.15,0.01,1.41,22865447.0,1638644933.672,0.714,0.722,0.712,0.707,1.41,22.56,1.01,8.45,13010990.0,9854457.0,130543440.0,7.97,257016656.0,15.68,-126473216.0,-7.72,-100927632.0,-6.16,-29615811.0,-1.81,7.0,0.716,0.717,10135120384.0,7266881315,7266881315,2025-05-14,2025-05-14 14:21:54+08:00
510050,上证50ETF,2.808,2.8097,0.06,0.039,1.41,11247595.0,3147921445.0,2.771,2.832,2.769,2.769,2.28,1.87,1.74,18.92,6873386.0,4374209.0,228753360.0,7.27,404144816.0,12.84,-175391456.0,-5.57,-76400381.0,-2.43,-152345403.0,-4.84,-411.0,2.808,2.809,60047766784.0,168614129129,168614129129,2025-05-14,2025-05-14 14:21:54+08:00
513130,恒生科技ETF,0.719,0.719,0.0,0.01,1.41,62428334.0,4483851119.0,0.715,0.724,0.713,0.709,1.55,17.66,1.08,6.66,35681778.0,26746556.0,309738480.0,6.91,660414048.0,14.73,-350675568.0,-7.82,-242114100.0,-5.4,-67624370.0,-1.51,200.0,0.718,0.719,35359346944.0,25423370453,25423370453,2025-05-14,2025-05-14 14:21:55+08:00
159726,恒生红利ETF,1.157,1.1591,0.18,0.016,1.4,73781.0,8488336.6,1.14,1.159,1.138,1.141,1.84,1.78,0.85,26.91,53265.0,20516.0,1088853.0,12.83,85841.0,1.01,1003012.0,11.82,-222613.0,-2.62,-866241.0,-10.21,5.0,1.156,1.158,413911376.0,478895462,478895462,2025-05-14,2025-05-14 14:21:51+08:00
513170,恒生央企ETF,1.304,1.3085,0.34,0.018,1.4,175325.0,22709829.0,1.291,1.308,1.285,1.286,1.79,3.61,1.09,27.87,134309.0,41016.0,2159368.0,9.51,-343629.0,-1.51,2502997.0,11.02,-933664.0,-4.11,-1225705.0,-5.4,32.0,1.302,1.305,485573008.0,633187202,633187202,2025-05-14,2025-05-14 14:21:57+08:00
513810,港股国企ETF,1.448,1.4568,0.6,0.02,1.4,77594.0,11176408.0,1.431,1.454,1.427,1.428,1.89,11.76,0.9,29.63,46005.0,31589.0,1970824.0,17.63,978582.0,8.76,992242.0,8.88,-715532.0,-6.4,-1255292.0,-11.23,-22.0,1.448,1.449,65992000.0,95556416,95556416,2025-05-14,2025-05-14 14:21:56+08:00
159976,湾创ETF,1.155,1.1578,0.24,0.016,1.4,2447.0,281034.8,1.146,1.161,1.143,1.139,1.58,0.25,0.04,-1.26,1617.0,830.0,14004.0,4.98,0.0,0.0,14004.0,4.98,13146.0,4.68,-27151.0,-9.66,-10.0,1.153,1.156,98885872.0,114213182,114213182,2025-05-14,2025-05-14 14:21:51+08:00
159720,智能车ETF泰康,0.657,0.6525,-0.69,0.009,1.39,13740.0,895987.05,0.648,0.657,0.647,0.648,1.54,1.64,0.88,0.5,12057.0,1683.0,-164640.0,-18.38,0.0,0.0,-164640.0,-18.38,118104.0,13.18,46537.0,5.19,2000.0,0.651,0.652,83812357.0,55064719,55064719,2025-05-14,2025-05-14 14:21:57+08:00
513180,恒生科技指数ETF,0.73,0.7317,0.23,0.01,1.39,72716947.0,5305225178.0,0.727,0.735,0.724,0.72,1.53,19.07,1.13,23.86,38244960.0,34471987.0,248576544.0,4.69,535448800.0,10.09,-286872256.0,-5.41,-195666114.0,-3.69,-52932318.0,-1.0,465.0,0.729,0.73,38122759424.0,27829614380,27829614380,2025-05-14,2025-05-14 14:21:55+08:00
517000,沪港深500ETF,0.878,0.8788,0.09,0.012,1.39,9458.0,828344.0,0.87,0.88,0.87,0.866,1.15,0.23,1.06,-12.21,6350.0,3108.0,471802.0,56.96,0.0,0.0,471802.0,56.96,-212109.0,-25.61,-259694.0,-31.35,1.0,0.877,0.878,417793008.0,366822261,366822261,2025-05-14,2025-05-14 14:21:53+08:00
159960,恒生中国企业ETF,0.877,0.8793,0.26,0.012,1.39,102871.0,8989768.5,0.87,0.879,0.865,0.865,1.62,1.66,1.17,12.47,63382.0,39489.0,799973.0,8.9,0.0,0.0,799973.0,8.9,-633343.0,-7.05,-166630.0,-1.85,-46.0,0.877,0.878,620573968.0,544243370,544243370,2025-05-14,2025-05-14 14:21:54+08:00
510680,上证50ETF基金,2.854,2.8613,0.26,0.039,1.39,69777.0,19856652.0,2.805,2.88,2.805,2.815,2.66,20.15,1.79,4.31,44549.0,25228.0,1719242.0,8.66,4001192.0,20.15,-2281950.0,-11.49,-1411995.0,-7.11,-307247.0,-1.55,-31.0,2.854,2.855,34624700.0,98818894,98818894,2025-05-14,2025-05-14 14:21:56+08:00
560070,央企红利ETF基金,1.029,1.0268,-0.21,0.014,1.38,39172.0,4010079.0,1.014,1.029,1.014,1.015,1.48,1.19,1.58,13.93,19520.0,19652.0,420657.0,10.49,31115.0,0.78,389542.0,9.71,92748.0,2.31,-513406.0,-12.8,10.0,1.028,1.029,329262304.0,338810911,338810911,2025-05-14,2025-05-14 14:21:54+08:00
513260,恒生科技ETF基金,1.391,1.3916,0.04,0.019,1.38,6189923.0,861185928.0,1.386,1.401,1.381,1.372,1.46,19.56,1.22,13.18,3398718.0,2791205.0,56247676.0,6.53,59878652.0,6.95,-3630976.0,-0.42,-33805273.0,-3.93,-22442394.0,-2.61,-8.0,1.391,1.392,3164243008.0,4401462024,4401462024,2025-05-14,2025-05-14 14:21:54+08:00
159383,创业板50ETF华泰柏瑞,0.955,0.9545,-0.05,0.013,1.38,10547.0,1005338.5,0.941,0.965,0.939,0.942,2.76,1.67,0.67,35.61,8133.0,2414.0,93452.0,9.3,-89234.0,-8.88,182686.0,18.17,-93698.0,-9.32,247.0,0.02,1.0,0.954,0.956,63092486.0,60253324,60253324,2025-05-14,2025-05-14 14:21:54+08:00
517360,沪港深科技ETF,1.032,1.0321,0.01,0.014,1.38,2207.0,227062.0,1.023,1.035,1.021,1.018,1.38,0.6,0.14,0.13,1176.0,1031.0,129847.0,57.19,0.0,0.0,129847.0,57.19,-40883.0,-18.01,-88964.0,-39.18,13.0,1.03,1.033,37083000.0,38269656,38269656,2025-05-14,2025-05-14 14:21:55+08:00
159331,红利港股ETF,1.176,1.1807,0.4,0.016,1.38,155900.0,18259128.3,1.165,1.194,1.158,1.16,3.1,23.38,2.13,40.69,75819.0,80081.0,1611496.0,8.83,754115.0,4.13,857381.0,4.7,-1101762.0,-6.03,-509734.0,-2.79,-270.0,1.176,1.177,66694179.0,78432355,78432355,2025-05-14,2025-05-14 14:21:51+08:00
159333,港股央企红利ETF,1.248,1.2521,0.33,0.017,1.38,202267.0,25098145.0,1.229,1.25,1.229,1.231,1.71,5.01,1.08,-25.02,102720.0,99547.0,-325453.0,-1.3,-341301.0,-1.36,15848.0,0.06,2040496.0,8.13,-1715043.0,-6.83,-100.0,1.248,1.249,403952832.0,504133134,504133134,2025-05-14,2025-05-14 14:21:51+08:00
510020,超大盘ETF,3.216,3.2148,-0.04,0.043,1.36,2757.0,882925.0,3.173,3.233,3.172,3.173,1.92,0.61,0.33,-0.18,1904.0,853.0,191709.0,21.71,0.0,0.0,191709.0,21.71,-116801.0,-13.23,-74909.0,-8.48,-4.0,3.213,3.215,45548000.0,146482368,146482368,2025-05-14,2025-05-14 14:21:53+08:00
530280,上证180ETF指数基金,1.04,1.0397,-0.03,0.014,1.36,1614.0,166926.0,1.03,1.046,1.028,1.026,1.75,0.11,0.27,0.12,1540.0,74.0,-152376.0,-91.28,0.0,0.0,-152376.0,-91.28,0.0,0.0,152377.0,91.28,1.0,1.039,1.04,145434000.0,151251360,151251360,2025-05-14,2025-05-14 14:21:56+08:00
159371,创50ETF富国,0.967,0.967,0.0,0.013,1.36,11605.0,1117316.512,0.959,0.977,0.951,0.954,2.73,4.11,1.95,7.23,8675.0,2930.0,160220.0,14.34,919648.0,82.31,-759428.0,-67.97,-188044.0,-16.83,27824.0,2.49,44.0,0.965,0.967,28221172.0,27289873,27289873,2025-05-14,2025-05-14 14:21:51+08:00
159636,港股通科技30ETF,1.284,1.288,0.31,0.017,1.34,5978495.0,766368427.093,1.272,1.292,1.272,1.267,1.58,3.47,1.04,8.93,2901810.0,3076685.0,61293143.0,8.0,67322823.0,8.78,-6029680.0,-0.79,-19926141.0,-2.6,-41367000.0,-5.4,-500.0,1.283,1.284,17231250688.0,22124925883,22124925883,2025-05-14,2025-05-14 14:21:54+08:00
520890,港股通红利低波ETF,1.286,1.2845,-0.12,0.017,1.34,85383.0,10925073.0,1.271,1.287,1.268,1.269,1.5,18.76,2.98,2.92,63502.0,21881.0,-4636862.0,-42.44,-1000212.0,-9.16,-3636650.0,-33.29,270894.0,2.48,4365969.0,39.96,102.0,1.284,1.286,45508000.0,58523288,58523288,2025-05-14,2025-05-14 14:21:55+08:00
560860,工业有色ETF,0.835,0.8334,-0.19,0.011,1.33,311609.0,25948003.0,0.825,0.836,0.824,0.824,1.46,6.54,1.51,0.59,157276.0,154333.0,-5190690.0,-20.0,-1842520.0,-7.1,-3348170.0,-12.9,5640570.0,21.74,-449879.0,-1.73,10.0,0.834,0.835,476233008.0,397654562,397654562,2025-05-14,2025-05-14 14:21:54+08:00
159688,恒生互联网ETF,0.99,0.9938,0.38,0.013,1.33,1696081.0,168019821.376,0.986,0.997,0.984,0.977,1.33,16.65,0.85,-3.45,949759.0,746322.0,18267824.0,10.87,21730274.0,12.93,-3462450.0,-2.06,-13345835.0,-7.94,-4921988.0,-2.93,-300.0,0.99,0.991,1018778480.0,1008590695,1008590695,2025-05-14,2025-05-14 14:21:54+08:00
159601,A50ETF,0.841,0.842,0.12,0.011,1.33,752634.0,63128556.068,0.831,0.847,0.831,0.83,1.93,1.88,1.41,3.33,420740.0,331894.0,11394401.0,18.05,24121630.0,38.21,-12727229.0,-20.16,-6754615.0,-10.7,-4639786.0,-7.35,1780.0,0.841,0.842,4008988080.0,3371558975,3371558975,2025-05-14,2025-05-14 14:21:54+08:00
513310,中韩半导体ETF,1.531,1.5384,0.48,0.02,1.32,1059754.0,162515573.0,1.525,1.542,1.524,1.511,1.19,32.77,1.09,14.81,575201.0,484553.0,21849070.0,13.44,16416663.0,10.1,5432407.0,3.34,-12222416.0,-7.52,-9626653.0,-5.92,1.0,1.53,1.531,323427008.0,495166749,495166749,2025-05-14,2025-05-14 14:21:57+08:00
510090,ESGETF基金,2.545,2.5417,-0.13,0.033,1.31,552.0,139326.0,2.512,2.545,2.512,2.512,1.31,0.17,2.71,3.15,500.0,52.0,96816.0,69.49,0.0,0.0,96816.0,69.49,-42210.0,-30.3,-54606.0,-39.19,-3.0,2.536,2.541,32081100.0,81646400,81646400,2025-05-14,2025-05-14 14:21:54+08:00
513040,港股通互联网ETF,1.388,1.3915,0.25,0.018,1.31,696790.0,96630284.0,1.375,1.396,1.375,1.37,1.53,13.69,0.83,16.21,398519.0,298271.0,9077997.0,9.39,3022171.0,3.13,6055826.0,6.27,-6499937.0,-6.73,-2578060.0,-2.67,72.0,1.387,1.388,508841296.0,706271719,706271719,2025-05-14,2025-05-14 14:21:55+08:00
513860,港股通科技ETF,0.701,0.7043,0.47,0.009,1.3,2703757.0,189423689.0,0.696,0.705,0.695,0.692,1.45,9.86,1.11,-21.67,1396338.0,1307419.0,13860909.0,7.32,18181497.0,9.6,-4320588.0,-2.28,-11828810.0,-6.24,-2032099.0,-1.07,-37.0,0.701,0.702,2742470608.0,1922471896,1922471896,2025-05-14,2025-05-14 14:21:57+08:00
513890,恒生科技HKETF,1.089,1.0935,0.41,0.014,1.3,789522.0,86066614.0,1.082,1.098,1.082,1.075,1.49,20.82,1.1,31.38,428384.0,361138.0,7542764.0,8.76,5366763.0,6.24,2176001.0,2.53,-5049747.0,-5.87,-2493018.0,-2.9,-13.0,1.089,1.09,379128000.0,412870392,412870392,2025-05-14,2025-05-14 14:21:54+08:00
513020,港股科技ETF,1.091,1.0926,0.15,0.014,1.3,1586754.0,172905286.0,1.081,1.096,1.081,1.077,1.39,15.43,1.03,-22.08,885019.0,701735.0,18097013.0,10.47,12008192.0,6.94,6088821.0,3.52,-14874326.0,-8.6,-3222687.0,-1.86,6.0,1.091,1.092,1028145408.0,1121706640,1121706640,2025-05-14,2025-05-14 14:21:56+08:00
159712,港股通50ETF,1.182,1.1846,0.22,0.015,1.29,91528.0,10788413.1,1.169,1.186,1.169,1.167,1.46,24.89,0.71,-10.3,50287.0,41241.0,2401357.0,22.26,-38163.0,-0.35,2439520.0,22.61,-1684662.0,-15.62,-716695.0,-6.64,242.0,1.181,1.182,36778813.0,43472557,43472557,2025-05-14,2025-05-14 14:21:54+08:00
512600,必选消费ETF,0.707,0.7081,0.16,0.009,1.29,173512.0,12200298.0,0.697,0.712,0.697,0.698,2.15,2.38,1.74,-9.63,88934.0,84578.0,2241152.0,18.37,687181.0,5.63,1553971.0,12.74,-1394799.0,-11.43,-846353.0,-6.94,40.0,0.706,0.707,728856096.0,515301260,515301260,2025-05-14,2025-05-14 14:21:54+08:00
159672,主要消费ETF,0.788,0.79,0.25,0.01,1.29,61040.0,4789638.973,0.78,0.794,0.778,0.778,2.06,5.76,1.55,-15.75,36698.0,24342.0,909499.0,18.99,-583913.0,-12.19,1493412.0,31.18,-666640.0,-13.92,-242858.0,-5.07,-4000.0,0.788,0.789,105887409.0,83439278,83439278,2025-05-14,2025-05-14 14:21:21+08:00
159788,港股通100ETF,1.257,1.266,0.71,0.016,1.29,323165.0,40496957.266,1.245,1.265,1.242,1.241,1.85,24.4,1.12,-5.22,176343.0,146821.0,3017216.0,7.45,1206120.0,2.98,1811096.0,4.47,-1882314.0,-4.65,-1134902.0,-2.8,-59.0,1.257,1.259,132424965.0,166458181,166458181,2025-05-14,2025-05-14 14:21:54+08:00
513080,法国CAC40ETF,1.667,1.6541,-0.78,0.021,1.28,1156976.0,192573340.0,1.657,1.671,1.655,1.646,0.97,21.59,2.04,17.1,679924.0,477052.0,13708686.0,7.12,17911374.0,9.3,-4202688.0,-2.18,-8075923.0,-4.19,-5632764.0,-2.92,62.0,1.666,1.667,535916000.0,893371972,893371972,2025-05-14,2025-05-14 14:21:56+08:00
510800,50ETF基金,1.263,1.2641,0.09,0.016,1.28,144257.0,18189798.0,1.245,1.273,1.245,1.247,2.25,3.53,2.82,30.7,71255.0,73002.0,5310716.0,29.2,3508930.0,19.29,1801786.0,9.91,-2524066.0,-13.88,-2786652.0,-15.32,-100.0,1.263,1.264,408576000.0,516031488,516031488,2025-05-14,2025-05-14 14:21:55+08:00
159711,港股通ETF,1.268,1.2751,0.56,0.016,1.28,72985.0,9225977.2,1.252,1.274,1.246,1.252,2.24,13.4,0.72,-11.34,45734.0,27251.0,1272903.0,13.8,-291500.0,-3.16,1564403.0,16.96,-631786.0,-6.85,-641117.0,-6.95,10.0,1.267,1.269,54465157.0,69061819,69061819,2025-05-14,2025-05-14 14:21:51+08:00
515710,食品ETF,0.639,0.6397,0.11,0.008,1.27,414047.0,26318683.0,0.631,0.645,0.629,0.631,2.54,2.97,1.9,-4.27,213466.0,200581.0,3859368.0,14.66,1599898.0,6.08,2259470.0,8.59,-2557030.0,-9.72,-1302338.0,-4.95,-20.0,0.639,0.64,1396099808.0,892107777,892107777,2025-05-14,2025-05-14 14:21:55+08:00
159568,港股互联网ETF,1.68,1.6814,0.08,0.021,1.27,934742.0,156910165.9,1.669,1.689,1.664,1.659,1.51,45.41,1.1,-3.2,545371.0,389371.0,9658600.0,6.16,3646922.0,2.32,6011678.0,3.83,-5363325.0,-3.42,-4295275.0,-2.74,10.0,1.679,1.68,205857901.0,345841274,345841274,2025-05-14,2025-05-14 14:21:54+08:00
159856,互联网龙头ETF,0.724,0.7257,0.23,0.009,1.26,37914.0,2740275.7,0.716,0.73,0.715,0.715,2.1,0.93,0.83,-11.52,21909.0,16005.0,797948.0,29.12,0.0,0.0,797948.0,29.12,-572601.0,-20.9,-225346.0,-8.22,16.0,0.723,0.724,407372480.0,294937676,294937676,2025-05-14,2025-05-14 14:21:51+08:00
560300,电信50ETF,1.37,1.3692,-0.06,0.017,1.26,34464.0,4690341.0,1.36,1.383,1.352,1.353,2.29,6.29,2.34,0.04,17724.0,16740.0,210831.0,4.5,0.0,0.0,210831.0,4.5,-59050.0,-1.26,-151782.0,-3.24,19.0,1.366,1.369,54803400.0,75080658,75080658,2025-05-14,2025-05-14 14:21:56+08:00
513330,恒生互联网ETF,0.487,0.4891,0.43,0.006,1.25,56181054.0,2737534999.0,0.485,0.491,0.484,0.481,1.46,11.22,1.1,-6.36,31826855.0,24354199.0,120260784.0,4.39,331476048.0,12.11,-211215264.0,-7.72,-99589401.0,-3.64,-20671387.0,-0.76,-2532.0,0.487,0.488,50083480064.0,24390654791,24390654791,2025-05-14,2025-05-14 14:21:56+08:00
560820,中证A50ETF新华,1.054,1.0564,0.23,0.013,1.25,35427.0,3705057.0,1.041,1.06,1.041,1.041,1.83,10.14,1.17,16.23,10130.0,25297.0,664986.0,17.95,1474366.0,39.79,-809380.0,-21.85,-492630.0,-13.3,-172356.0,-4.65,-325.0,1.054,1.055,34926000.0,36812004,36812004,2025-05-14,2025-05-14 14:21:53+08:00
517550,消费ETF沪港深,0.812,0.8141,0.26,0.01,1.25,33915.0,2748575.0,0.808,0.817,0.805,0.802,1.5,4.85,0.58,2.26,23137.0,10778.0,1043619.0,37.97,9465.0,0.34,1034154.0,37.63,-676641.0,-24.62,-366978.0,-13.35,-20.0,0.812,0.813,69917400.0,56772929,56772929,2025-05-14,2025-05-14 14:21:56+08:00
562900,农业ETF易方达,0.736,0.7368,0.11,0.009,1.24,151883.0,11134622.0,0.727,0.736,0.726,0.727,1.38,13.97,1.11,2.64,73880.0,78003.0,508963.0,4.57,827576.0,7.43,-318613.0,-2.86,-167240.0,-1.5,-341723.0,-3.07,161.0,0.736,0.737,108706300.0,80007837,80007837,2025-05-14,2025-05-14 14:21:54+08:00
513910,港股央企红利ETF,1.384,1.3905,0.47,0.017,1.24,1027236.0,141465128.0,1.366,1.387,1.366,1.367,1.54,5.34,1.72,-2.81,658884.0,368352.0,532053.0,0.38,-11991974.0,-8.48,12524027.0,8.85,1371900.0,0.97,-1903954.0,-1.35,-1000.0,1.384,1.385,1922276000.0,2660429984,2660429984,2025-05-14,2025-05-14 14:21:55+08:00
513230,港股消费ETF,1.07,1.0724,0.22,0.013,1.23,490226.0,52329000.0,1.064,1.074,1.058,1.057,1.51,15.89,1.44,-6.96,307875.0,182351.0,2225132.0,4.25,2397006.0,4.58,-171874.0,-0.33,-3429178.0,-6.55,1204045.0,2.3,-18.0,1.07,1.071,308422704.0,330012293,330012293,2025-05-14,2025-05-14 14:21:56+08:00
560660,云50ETF,1.148,1.142,-0.53,0.014,1.23,21169.0,2426532.0,1.14,1.155,1.137,1.134,1.59,3.11,0.78,86.3,9492.0,11677.0,1283476.0,52.89,0.0,0.0,1283476.0,52.89,-899071.0,-37.05,-384405.0,-15.84,-267.0,1.148,1.149,67969000.0,78028412,78028412,2025-05-14,2025-05-14 14:21:54+08:00
513380,恒生科技ETF龙头,0.661,0.6612,0.03,0.008,1.23,6551864.0,432901169.0,0.658,0.665,0.656,0.653,1.38,8.68,1.11,-13.66,3624855.0,2927009.0,21756572.0,5.03,50380578.0,11.64,-28624006.0,-6.61,-17706842.0,-4.09,-4049730.0,-0.94,1018.0,0.66,0.661,7549784832.0,4990407774,4990407774,2025-05-14,2025-05-14 14:21:55+08:00
563150,油气资源ETF,0.906,0.9063,0.03,0.011,1.23,3040.0,274216.0,0.896,0.907,0.892,0.895,1.68,1.03,0.57,-4.06,2643.0,397.0,64632.0,23.57,0.0,0.0,64632.0,23.57,-22199.0,-8.1,-42434.0,-15.47,11.0,0.904,0.906,29399000.0,26635494,26635494,2025-05-14,2025-05-14 14:21:54+08:00
510990,180ESGETF,0.914,0.915,0.11,0.011,1.22,63226.0,5780509.0,0.905,0.918,0.904,0.903,1.55,12.41,1.15,-4.51,39486.0,23740.0,87768.0,1.52,0.0,0.0,87768.0,1.52,-68553.0,-1.19,-19213.0,-0.33,1.0,0.914,0.915,50948600.0,46567020,46567020,2025-05-14,2025-05-14 14:21:56+08:00
510810,上海国企ETF,0.832,0.8327,0.08,0.01,1.22,573607.0,47343141.0,0.822,0.836,0.82,0.822,1.95,0.62,39.8,-19.48,522150.0,51457.0,-37151837.0,-78.47,-31659769.0,-66.87,-5492068.0,-11.6,37435438.0,79.07,-283601.0,-0.6,1103.0,0.831,0.833,9201093632.0,7655309902,7655309902,2025-05-14,2025-05-14 14:21:54+08:00
159681,创50ETF,0.909,0.9091,0.01,0.011,1.22,581475.0,52519260.5,0.899,0.921,0.894,0.898,3.01,3.66,0.83,35.93,252279.0,329196.0,7408948.0,14.11,15557429.0,29.62,-8148481.0,-15.52,-5750414.0,-10.95,-1658535.0,-3.16,100.0,0.908,0.909,1589772336.0,1445103053,1445103053,2025-05-14,2025-05-14 14:21:51+08:00
159595,中证A50ETF基金,1.166,1.1671,0.09,0.014,1.22,2467091.0,286824681.83,1.152,1.175,1.151,1.152,2.08,5.15,1.9,56.13,1107318.0,1359773.0,-367045.0,-0.13,-485894.0,-0.17,118849.0,0.04,-5443320.0,-1.9,5810363.0,2.03,-100.0,1.166,1.167,4786113280.0,5580608084,5580608084,2025-05-14,2025-05-14 14:21:54+08:00
563080,中证A50ETF易方达,1.166,1.166,0.0,0.014,1.22,932549.0,108126413.0,1.15,1.174,1.15,1.152,2.08,2.88,1.65,41.37,379243.0,553306.0,3284019.0,3.04,29770534.0,27.54,-26486515.0,-24.5,-5777471.0,-5.34,2493452.0,2.31,104.0,1.165,1.166,3236588400.0,3773862074,3773862074,2025-05-14,2025-05-14 14:21:54+08:00
515910,质量ETF,0.498,0.4983,0.06,0.006,1.22,12563.0,622231.0,0.493,0.502,0.492,0.492,2.03,0.28,0.44,-0.25,3891.0,8672.0,72261.0,11.61,100524.0,16.16,-28263.0,-4.54,-275.0,-0.04,-71986.0,-11.57,1.0,0.497,0.498,455507008.0,226842490,226842490,2025-05-14,2025-05-14 14:21:55+08:00
512180,MSCIA股ETF基金,1.416,1.4116,-0.31,0.017,1.22,700.0,98679.0,1.4,1.45,1.364,1.399,6.15,0.11,2.57,4.21,518.0,182.0,-21968.0,-22.26,0.0,0.0,-21968.0,-22.26,13640.0,13.82,8328.0,8.44,150.0,1.409,1.412,66048000.0,93523968,93523968,2025-05-14,2025-05-14 14:21:55+08:00
512770,战略新兴ETF,1.325,1.3212,-0.29,0.016,1.22,34303.0,4519561.0,1.323,1.335,1.313,1.309,1.68,2.23,11.07,0.05,5858.0,28445.0,436261.0,9.65,2174850.0,48.12,-1738589.0,-38.47,-322288.0,-7.13,-113973.0,-2.52,-51.0,1.321,1.323,153767800.0,203742335,203742335,2025-05-14,2025-05-14 14:21:54+08:00
512150,A50ETF,1.673,1.6786,0.33,0.02,1.21,22578.0,3766580.0,1.654,1.687,1.652,1.653,2.12,2.78,1.62,-5.7,12774.0,9804.0,1155636.0,30.68,0.0,0.0,1155636.0,30.68,-372676.0,-9.89,-782960.0,-20.79,-50.0,1.673,1.675,81073400.0,135635798,135635798,2025-05-14,2025-05-14 14:21:56+08:00
560050,MSCI中国A50ETF,0.836,0.8374,0.17,0.01,1.21,1025268.0,85395048.0,0.826,0.842,0.826,0.826,1.94,1.76,1.98,56.87,500125.0,525143.0,7206808.0,8.44,6300370.0,7.38,906438.0,1.06,-4766022.0,-5.58,-2440786.0,-2.86,-60.0,0.836,0.837,5827434496.0,4871735239,4871735239,2025-05-14,2025-05-14 14:21:56+08:00
159597,创业板成长ETF易方达,1.167,1.1675,0.04,0.014,1.21,13979.0,1626339.839,1.164,1.182,1.153,1.153,2.52,1.74,0.36,21.93,9384.0,4595.0,560835.0,34.48,360727.0,22.18,200108.0,12.3,-409086.0,-25.15,-151749.0,-9.33,-2.0,1.165,1.167,80252379.0,93654526,93654526,2025-05-14,2025-05-14 14:21:51+08:00
159517,800增强ETF,1.089,1.0857,-0.3,0.013,1.21,16659.0,1810118.3,1.075,1.091,1.075,1.076,1.49,11.3,0.37,-0.14,15076.0,1583.0,-35658.0,-1.97,0.0,0.0,-35658.0,-1.97,33136.0,1.83,2522.0,0.14,70.0,1.085,1.086,14742624.0,16054718,16054718,2025-05-14,2025-05-14 14:21:48+08:00
159949,创业板50ETF,0.925,0.925,0.0,0.011,1.2,9464044.0,871619987.701,0.915,0.937,0.91,0.914,2.95,3.33,1.07,41.28,4991109.0,4472935.0,96597855.0,11.08,133071984.0,15.27,-36474129.0,-4.18,-65776639.0,-7.55,-30821215.0,-3.54,535.0,0.924,0.925,28394785024.0,26265176147,26265176147,2025-05-14,2025-05-14 14:21:54+08:00
520550,港股红利低波ETF,1.093,1.0927,-0.03,0.013,1.2,284422.0,30981327.0,1.084,1.095,1.08,1.08,1.39,8.14,1.35,-0.94,163037.0,121385.0,-1535170.0,-4.96,1251805.0,4.04,-2786975.0,-9.0,1099122.0,3.55,436048.0,1.41,-5.0,1.093,1.094,349524000.0,382029732,382029732,2025-05-14,2025-05-14 14:21:54+08:00
510160,产业升级ETF,0.843,0.842,-0.12,0.01,1.2,14123.0,1183883.0,0.834,0.843,0.832,0.833,1.32,0.5,2.22,0.03,10712.0,3411.0,159255.0,13.45,16089.0,1.36,143166.0,12.09,-131257.0,-11.09,-27998.0,-2.36,258.0,0.841,0.844,284057408.0,239460395,239460395,2025-05-14,2025-05-14 14:21:56+08:00
562800,稀有金属ETF,0.51,0.5102,0.04,0.006,1.19,573646.0,29232251.0,0.504,0.513,0.504,0.504,1.79,3.25,1.48,3.0,330308.0,243338.0,3935053.0,13.46,3813947.0,13.05,121106.0,0.41,-3091096.0,-10.57,-843956.0,-2.89,-3.0,0.51,0.511,1767595008.0,901473454,901473454,2025-05-14,2025-05-14 14:21:55+08:00
159662,交运ETF,1.017,1.0175,0.05,0.012,1.19,109229.0,11040885.4,1.004,1.018,1.002,1.005,1.59,14.94,1.3,1.22,56578.0,52651.0,914629.0,8.28,1155601.0,10.47,-240972.0,-2.18,-907507.0,-8.22,-7122.0,-0.06,-19.0,1.017,1.018,73113946.0,74356883,74356883,2025-05-14,2025-05-14 14:21:54+08:00
510010,180治理ETF,1.628,1.6319,0.24,0.019,1.18,2316.0,375143.0,1.61,1.638,1.61,1.609,1.74,0.16,0.77,-5.57,1123.0,1193.0,227072.0,60.53,0.0,0.0,227072.0,60.53,-217208.0,-57.9,-9863.0,-2.63,-7.0,1.628,1.638,146524400.0,238541723,238541723,2025-05-14,2025-05-14 14:21:54+08:00
513150,港股通科技ETF华泰柏瑞,1.112,1.1148,0.25,0.013,1.18,258865.0,28772904.0,1.102,1.117,1.102,1.099,1.36,20.95,1.04,7.27,141664.0,117201.0,727623.0,2.53,-88452.0,-0.31,816075.0,2.84,-1277796.0,-4.44,550174.0,1.91,200.0,1.112,1.113,123559800.0,137398498,137398498,2025-05-14,2025-05-14 14:21:54+08:00
510030,价值ETF,1.031,1.0324,0.14,0.012,1.18,33546.0,3445273.0,1.02,1.035,1.014,1.019,2.06,2.05,1.67,-16.92,23117.0,10429.0,621982.0,18.05,953613.0,27.68,-331631.0,-9.63,-231304.0,-6.71,-390679.0,-11.34,-1.0,1.031,1.032,163729800.0,168805424,168805424,2025-05-14,2025-05-14 14:21:54+08:00
510370,300指数ETF,0.865,0.8674,0.28,0.01,1.17,16575.0,1430102.0,0.855,0.87,0.855,0.855,1.75,1.25,2.58,36.63,14322.0,2253.0,316135.0,22.11,666089.0,46.58,-349954.0,-24.47,-259494.0,-18.15,-56640.0,-3.96,116.0,0.864,0.867,132258100.0,114403257,114403257,2025-05-14,2025-05-14 14:21:55+08:00
560700,央企红利50ETF,1.036,1.0362,0.02,0.012,1.17,179879.0,18508596.0,1.022,1.038,1.022,1.024,1.56,2.21,0.8,11.3,99743.0,80136.0,2776282.0,15.0,2672401.0,14.44,103881.0,0.56,-1524103.0,-8.23,-1252180.0,-6.77,19.0,1.035,1.036,812536896.0,841788224,841788224,2025-05-14,2025-05-14 14:21:54+08:00
563900,沪深300自由现金流ETF摩根,1.034,1.0327,-0.13,0.012,1.17,282930.0,29091419.0,1.022,1.038,1.022,1.022,1.57,18.14,0.43,41.99,141191.0,141739.0,3772556.0,12.97,7581628.0,26.06,-3809072.0,-13.09,-3483290.0,-11.97,-289265.0,-0.99,49.0,1.031,1.034,155965700.0,161268534,161268534,2025-05-14,2025-05-14 14:21:55+08:00
159729,互联网ETF,0.863,0.861,-0.23,0.01,1.17,11749.0,1012910.7,0.854,0.869,0.851,0.853,2.11,1.21,0.64,-37.65,9821.0,1928.0,164444.0,16.23,-863.0,-0.09,165307.0,16.32,-72224.0,-7.13,-92221.0,-9.1,10.0,0.86,0.863,97360633.0,84022226,84022226,2025-05-14,2025-05-14 14:21:51+08:00
159519,港股国企ETF,1.466,1.4721,0.41,0.017,1.17,165626.0,24145647.5,1.45,1.47,1.447,1.449,1.59,10.89,1.23,-6.4,105277.0,60349.0,5558666.0,23.02,630390.0,2.61,4928276.0,20.41,-3308546.0,-13.7,-2250120.0,-9.32,1597.0,1.466,1.467,152157854.0,223063414,223063414,2025-05-14,2025-05-14 14:21:51+08:00
159596,A50ETF华宝,1.129,1.1291,0.01,0.013,1.16,723920.0,81041653.833,1.116,1.136,1.115,1.116,1.88,7.47,1.17,31.06,379708.0,344212.0,-1459449.0,-1.8,-4793070.0,-5.91,3333621.0,4.11,-2725120.0,-3.36,4184570.0,5.16,73.0,1.128,1.129,968841520.0,1093822076,1093822076,2025-05-14,2025-05-14 14:21:54+08:00
561230,中证A50ETF基金,1.137,1.1376,0.05,0.013,1.16,537054.0,60591493.0,1.125,1.145,1.123,1.124,1.96,3.01,0.92,44.37,299844.0,237210.0,8244668.0,13.61,25228977.0,41.64,-16984309.0,-28.03,-6770492.0,-11.17,-1474176.0,-2.43,-2.0,1.137,1.138,1782477808.0,2026677268,2026677268,2025-05-14,2025-05-14 14:21:56+08:00
516600,消费服务ETF,0.613,0.6145,0.24,0.007,1.16,87754.0,5364668.0,0.607,0.617,0.605,0.606,1.98,6.39,1.08,6.4,51932.0,35822.0,371534.0,6.93,972024.0,18.12,-600490.0,-11.19,-266912.0,-4.98,-104620.0,-1.95,-40.0,0.613,0.614,137332100.0,84184577,84184577,2025-05-14,2025-05-14 14:21:54+08:00
517080,沪港深500ETF基金,0.871,0.8732,0.25,0.01,1.16,54011.0,4688903.0,0.862,0.874,0.862,0.861,1.39,1.2,2.33,-16.9,38981.0,15030.0,329391.0,7.02,-843538.0,-17.99,1172929.0,25.01,-103153.0,-2.2,-226238.0,-4.82,1052.0,0.87,0.871,449166000.0,391223586,391223586,2025-05-14,2025-05-14 14:21:54+08:00
560350,中证A50ETF指数基金,1.132,1.1315,-0.04,0.013,1.16,772644.0,87144714.0,1.121,1.139,1.117,1.119,1.97,2.8,1.92,25.21,413630.0,359014.0,8441972.0,9.69,22216901.0,25.49,-13774929.0,-15.81,-8420497.0,-9.66,-21473.0,-0.02,107.0,1.131,1.132,2755532096.0,3119262333,3119262333,2025-05-14,2025-05-14 14:21:54+08:00
513980,港股科技50ETF,0.7,0.704,0.57,0.008,1.16,17151392.0,1200047555.0,0.696,0.704,0.695,0.692,1.3,8.04,1.38,-5.83,10006977.0,7144415.0,308119570.0,25.68,381480976.0,31.79,-73361406.0,-6.11,-223117728.0,-18.59,-85001768.0,-7.08,-18.0,0.7,0.701,21326203904.0,14928342733,14928342733,2025-05-14,2025-05-14 14:21:57+08:00
159592,A50ETF基金,1.148,1.1495,0.13,0.013,1.15,455605.0,52101611.4,1.134,1.156,1.133,1.135,2.03,2.04,1.4,27.85,215721.0,239884.0,-1585821.0,-3.04,-7821870.0,-15.01,6236049.0,11.97,287909.0,0.55,1297913.0,2.49,2000.0,1.148,1.149,2236310464.0,2567284413,2567284413,2025-05-14,2025-05-14 14:21:54+08:00
159862,食品ETF,0.705,0.7057,0.1,0.008,1.15,35619.0,2498382.8,0.698,0.712,0.694,0.697,2.58,6.09,2.62,-3.48,27719.0,7900.0,326183.0,13.06,621757.0,24.89,-295574.0,-11.83,-227666.0,-9.11,-98517.0,-3.94,3.0,0.704,0.706,58500623.0,41242939,41242939,2025-05-14,2025-05-14 14:21:21+08:00
159689,消费ETF南方,0.79,0.7911,0.14,0.009,1.15,29506.0,2319109.9,0.78,0.795,0.779,0.781,2.05,2.83,1.09,-3.77,16557.0,12949.0,604880.0,26.08,255443.0,11.01,349437.0,15.07,-532833.0,-22.98,-72049.0,-3.11,-27.0,0.79,0.791,104147787.0,82276752,82276752,2025-05-14,2025-05-14 14:21:54+08:00
517100,AH500ETF,0.879,0.8822,0.36,0.01,1.15,3494.0,306188.0,0.872,0.881,0.872,0.869,1.04,0.11,0.8,-11.95,1781.0,1713.0,167165.0,54.6,0.0,0.0,167165.0,54.6,-84597.0,-27.63,-82568.0,-26.97,-35.0,0.879,0.88,319102096.0,280490742,280490742,2025-05-14,2025-05-14 14:21:54+08:00
159202,恒生互联网科技ETF,1.051,1.0526,0.15,0.012,1.15,140641.0,14780029.754,1.045,1.057,1.045,1.039,1.15,12.51,0.67,3.49,63063.0,77577.0,505369.0,3.42,-697826.0,-4.72,1203195.0,8.14,136027.0,0.92,-641395.0,-4.34,13.0,1.05,1.052,112401900.0,118134397,118134397,2025-05-14,2025-05-14 14:21:51+08:00
517030,沪港深300ETF易方达,0.973,0.9754,0.25,0.011,1.14,8366.0,810094.0,0.962,0.979,0.962,0.962,1.77,1.16,0.58,0.23,6948.0,1418.0,23094.0,2.85,0.0,0.0,23094.0,2.85,37925.0,4.68,-61018.0,-7.53,-100.0,0.972,0.975,72040300.0,70095212,70095212,2025-05-14,2025-05-14 14:21:53+08:00
159713,稀土ETF,0.799,0.798,-0.13,0.009,1.14,352616.0,28207258.8,0.791,0.806,0.789,0.79,2.15,8.38,1.09,18.77,209324.0,143292.0,661786.0,2.35,1523924.0,5.4,-862138.0,-3.06,-773180.0,-2.74,111393.0,0.39,10.0,0.798,0.799,420755056.0,336183290,336183290,2025-05-14,2025-05-14 14:21:54+08:00
562890,中证A50指数ETF,1.159,1.1587,-0.03,0.013,1.13,225436.0,25988986.0,1.145,1.166,1.144,1.146,1.92,5.48,1.5,29.1,81196.0,144240.0,166410.0,0.64,2797133.0,10.76,-2630723.0,-10.12,-977858.0,-3.76,811448.0,3.12,105.0,1.157,1.16,411551008.0,476987618,476987618,2025-05-14,2025-05-14 14:21:55+08:00
512750,基本面50ETF,1.437,1.4373,0.02,0.016,1.13,28220.0,4038913.0,1.424,1.444,1.418,1.421,1.83,4.14,0.86,-13.75,16869.0,11351.0,1034623.0,25.62,0.0,0.0,1034623.0,25.62,-384802.0,-9.53,-649820.0,-16.09,-79.0,1.437,1.438,68154900.0,97938591,97938591,2025-05-14,2025-05-14 14:21:56+08:00
159616,农牧ETF,0.719,0.7198,0.11,0.008,1.13,104005.0,7456673.926,0.712,0.719,0.712,0.711,0.98,11.88,1.22,-2.21,57297.0,46708.0,514023.0,6.89,0.0,0.0,514023.0,6.89,-446045.0,-5.98,-67978.0,-0.91,380.0,0.718,0.719,87561112.0,62956440,62956440,2025-05-14,2025-05-14 14:21:51+08:00
159621,MSCIESGETF,0.994,0.9925,-0.15,0.011,1.12,30.0,2952.2,0.98,0.994,0.98,0.983,1.42,0.01,0.05,-0.23,2.0,28.0,2952.0,99.99,0.0,0.0,2952.0,99.99,0.0,0.0,-2952.0,-99.99,1.0,0.992,0.993,23434717.0,23294109,23294109,2025-05-14,2025-05-14 14:21:48+08:00
517050,互联网ETF华泰柏瑞,0.814,0.8136,-0.05,0.009,1.12,84271.0,6831615.0,0.808,0.819,0.805,0.805,1.74,1.53,1.14,16.84,39311.0,44960.0,614881.0,9.0,-1775334.0,-25.99,2390215.0,34.99,-424255.0,-6.21,-190625.0,-2.79,1.0,0.812,0.814,549605008.0,447378477,447378477,2025-05-14,2025-05-14 14:21:54+08:00
515760,浙江国资ETF,1.261,1.2637,0.21,0.014,1.12,7908.0,989819.0,1.253,1.268,1.246,1.247,1.76,0.58,0.88,4.38,6893.0,1015.0,-312873.0,-31.61,-686950.0,-69.4,374077.0,37.79,266210.0,26.89,46663.0,4.71,-21.0,1.261,1.262,135388100.0,170724394,170724394,2025-05-14,2025-05-14 14:21:55+08:00
516900,食品饮料ETF基金,0.633,0.6341,0.17,0.007,1.12,186277.0,11729391.0,0.629,0.639,0.624,0.626,2.4,14.3,1.88,-3.1,106019.0,80258.0,1415872.0,12.07,1097964.0,9.36,317908.0,2.71,-942917.0,-8.04,-472955.0,-4.03,-159.0,0.633,0.634,130229000.0,82434957,82434957,2025-05-14,2025-05-14 14:21:55+08:00
563350,中证A50ETF,1.174,1.175,0.09,0.013,1.12,238894.0,27970971.0,1.165,1.182,1.159,1.161,1.98,4.02,1.09,40.88,106186.0,132708.0,2002178.0,7.16,6216273.0,22.22,-4214095.0,-15.07,-2420957.0,-8.66,418778.0,1.5,-125.0,1.174,1.175,593997600.0,697353182,697353182,2025-05-14,2025-05-14 14:21:53+08:00
563010,电信ETF,1.273,1.2758,0.22,0.014,1.11,15705.0,1994592.0,1.265,1.291,1.252,1.259,3.1,1.32,1.34,0.29,10693.0,5012.0,482784.0,24.2,243128.0,12.19,239656.0,12.02,-348648.0,-17.48,-134137.0,-6.73,63.0,1.272,1.273,119189300.0,151727979,151727979,2025-05-14,2025-05-14 14:21:56+08:00
513950,恒生红利ETF,1.277,1.2797,0.21,0.014,1.11,168547.0,21445244.0,1.264,1.277,1.263,1.263,1.11,1.76,0.63,22.8,94905.0,73642.0,3210593.0,14.97,2806560.0,13.09,404033.0,1.88,-2379373.0,-11.1,-831220.0,-3.88,2000.0,1.276,1.277,956619008.0,1221602473,1221602473,2025-05-14,2025-05-14 14:21:54+08:00
560680,消费ETF龙头,0.907,0.9081,0.12,0.01,1.11,195090.0,17578970.0,0.894,0.913,0.894,0.897,2.12,12.82,1.31,18.46,99197.0,95893.0,2914179.0,16.58,2459229.0,13.99,454950.0,2.59,-2045917.0,-11.64,-868262.0,-4.94,-169.0,0.907,0.908,152225600.0,138068619,138068619,2025-05-14,2025-05-14 14:21:54+08:00
159793,线上消费ETF基金,0.916,0.9174,0.15,0.01,1.1,10260.0,938287.956,0.906,0.92,0.902,0.906,1.99,2.58,1.78,30.5,3474.0,6786.0,413955.0,44.12,0.0,0.0,413955.0,44.12,-298123.0,-31.77,-115831.0,-12.34,1.0,0.914,0.916,39758908.0,36419160,36419160,2025-05-14,2025-05-14 14:21:51+08:00
159602,中国A50ETF,0.825,0.8271,0.25,0.009,1.1,151681.0,12465969.935,0.82,0.831,0.814,0.816,2.08,1.19,1.26,26.66,86772.0,64909.0,2005927.0,16.09,421690.0,3.38,1584237.0,12.71,-1292980.0,-10.37,-712947.0,-5.72,-192.0,0.825,0.826,1276542944.0,1053147929,1053147929,2025-05-14,2025-05-14 14:21:54+08:00
159370,创50ETF工银,1.014,1.0133,-0.07,0.011,1.1,29919.0,3036324.4,1.003,1.021,0.997,1.003,2.39,1.22,1.97,53.98,11548.0,18371.0,201680.0,6.64,9677.0,0.32,192003.0,6.32,-186525.0,-6.14,-15155.0,-0.5,1100.0,1.012,1.014,245316009.0,248750433,248750433,2025-05-14,2025-05-14 14:21:51+08:00
563860,A500ETF海富通,1.009,1.0056,-0.34,0.011,1.1,477772.0,47896914.0,0.998,1.012,0.997,0.998,1.5,5.01,1.5,-15.87,242415.0,235357.0,59255.0,0.12,-5620492.0,-11.73,5679747.0,11.86,29797.0,0.06,-89052.0,-0.19,2375.0,1.004,1.007,953844304.0,962428903,962428903,2025-05-14,2025-05-14 14:21:56+08:00
563700,红利价值ETF,1.022,1.0232,0.12,0.011,1.09,423505.0,43130745.0,1.012,1.025,1.011,1.011,1.38,26.61,1.81,25.9,220392.0,203113.0,7308402.0,16.94,18411999.0,42.69,-11103597.0,-25.74,-6372946.0,-14.78,-935455.0,-2.17,-800.0,1.022,1.023,159150000.0,162651300,162651300,2025-05-14,2025-05-14 14:21:54+08:00
159965,央视50ETF,1.49,1.4944,0.29,0.016,1.09,2073.0,309041.848,1.476,1.5,1.474,1.474,1.76,0.49,1.16,-3.64,867.0,1206.0,244775.0,79.2,0.0,0.0,244775.0,79.2,-68191.0,-22.07,-176584.0,-57.14,-2.0,1.491,1.494,42426953.0,63216160,63216160,2025-05-14,2025-05-14 14:21:54+08:00
561000,沪深300ETF增强基金,1.114,1.1162,0.2,0.012,1.09,35451.0,3938867.0,1.102,1.122,1.101,1.102,1.91,3.08,1.54,15.48,20918.0,14533.0,500518.0,12.71,-96453.0,-2.45,596971.0,15.16,-329960.0,-8.38,-170558.0,-4.33,-170.0,1.115,1.116,114920000.0,128020880,128020880,2025-05-14,2025-05-14 14:21:54+08:00
159928,消费ETF,0.832,0.8328,0.1,0.009,1.09,5535150.0,458947052.194,0.822,0.838,0.819,0.823,2.31,3.1,1.72,9.96,3029105.0,2506045.0,107552973.0,23.45,145059650.0,31.63,-37506677.0,-8.18,-78407450.0,-17.1,-29145521.0,-6.35,-3488.0,0.832,0.833,17856628992.0,14856715321,14856715321,2025-05-14,2025-05-14 14:21:54+08:00
520660,港股通央企红利ETF南方,0.927,0.9303,0.35,0.01,1.09,265203.0,24478856.0,0.917,0.928,0.916,0.917,1.31,2.31,0.93,3.62,169371.0,95832.0,3319008.0,13.56,5161586.0,21.09,-1842578.0,-7.53,-2194855.0,-8.97,-1124154.0,-4.59,-50.0,0.927,0.928,1150485504.0,1066500062,1066500062,2025-05-14,2025-05-14 14:21:55+08:00
513970,恒生消费ETF,0.931,0.9368,0.62,0.01,1.09,902277.0,83892912.0,0.922,0.934,0.922,0.921,1.3,4.61,1.01,-36.9,529435.0,372842.0,16810791.0,20.04,11028961.0,13.15,5781830.0,6.89,-8465186.0,-10.09,-8345605.0,-9.95,-1000.0,0.931,0.932,1959041008.0,1823867178,1823867178,2025-05-14,2025-05-14 14:21:54+08:00
512090,MSCIA股ETF易方达,1.588,1.5866,-0.09,0.017,1.08,19432.0,3076062.0,1.573,1.595,1.569,1.571,1.65,0.77,0.92,-0.8,8516.0,10916.0,217382.0,7.07,0.0,0.0,217382.0,7.07,-63480.0,-2.06,-153902.0,-5.0,-145.0,1.585,1.586,253592300.0,402704572,402704572,2025-05-14,2025-05-14 14:21:56+08:00
561580,央企红利ETF,1.212,1.212,0.0,0.013,1.08,264551.0,31859359.0,1.2,1.214,1.194,1.199,1.67,5.31,1.44,10.75,164851.0,99700.0,2104895.0,6.61,2129703.0,6.69,-24808.0,-0.08,-1911433.0,-6.0,-193462.0,-0.61,66.0,1.21,1.212,498370704.0,604025293,604025293,2025-05-14,2025-05-14 14:21:55+08:00
159510,沪深300价值ETF,1.125,1.1284,0.3,0.012,1.08,20912.0,2343176.8,1.115,1.131,1.113,1.113,1.62,1.8,1.86,18.17,13591.0,7321.0,1244757.0,53.12,265550.0,11.33,979207.0,41.79,-777716.0,-33.19,-467041.0,-19.93,112.0,1.124,1.126,116128342.0,130644385,130644385,2025-05-14,2025-05-14 14:21:54+08:00
512360,MSCI中国A股ETF基金,1.497,1.4988,0.12,0.016,1.08,332.0,49629.0,1.486,1.509,1.486,1.481,1.55,0.08,3.58,-2.82,129.0,203.0,27677.0,55.77,0.0,0.0,27677.0,55.77,3168.0,6.38,-30846.0,-62.15,-30.0,1.497,1.5,42337700.0,63379537,63379537,2025-05-14,2025-05-14 14:21:54+08:00
561870,自由现金流ETF全指,1.025,1.0265,0.15,0.011,1.08,321918.0,32842170.0,1.015,1.029,1.012,1.014,1.68,11.55,0.65,71.39,165036.0,156882.0,7235942.0,22.03,13506574.0,41.13,-6270632.0,-19.09,-5797035.0,-17.65,-1438907.0,-4.38,110.0,1.025,1.026,278765008.0,285734133,285734133,2025-05-14,2025-05-14 14:21:56+08:00
563390,现金流ETF全指,1.029,1.0307,0.16,0.011,1.08,1297112.0,132911191.0,1.019,1.033,1.019,1.018,1.38,28.93,0.97,51.02,571459.0,725653.0,17927472.0,13.49,35856831.0,26.98,-17929359.0,-13.49,-15434742.0,-11.61,-2492730.0,-1.88,-1060.0,1.029,1.03,448344000.0,461345976,461345976,2025-05-14,2025-05-14 14:21:54+08:00
159232,现金流ETF南方,1.028,1.0294,0.14,0.011,1.08,1959270.0,200437175.5,1.016,1.032,1.016,1.017,1.57,22.34,0.97,43.74,976802.0,982468.0,28441159.0,14.19,74583105.0,37.21,-46141946.0,-23.02,-21227591.0,-10.59,-7213566.0,-3.6,-10010.0,1.028,1.029,876948560.0,901503120,901503120,2025-05-14,2025-05-14 14:21:54+08:00
560690,电信ETF基金,1.316,1.313,-0.23,0.014,1.08,3264.0,426688.0,1.302,1.324,1.298,1.302,2.0,1.54,0.28,21.03,1738.0,1526.0,223801.0,52.45,291264.0,68.26,-67463.0,-15.81,-156436.0,-36.66,-67364.0,-15.79,-61.0,1.313,1.314,21139000.0,27818924,27818924,2025-05-14,2025-05-14 14:21:55+08:00
159235,中证现金流ETF,1.028,1.0297,0.17,0.011,1.08,1348103.0,137874702.251,1.016,1.032,1.016,1.017,1.57,28.88,0.95,30.61,717679.0,630424.0,9655952.0,7.0,9005509.0,6.53,650443.0,0.47,-7284546.0,-5.28,-2371407.0,-1.72,-600.0,1.028,1.029,466729552.0,479797979,479797979,2025-05-14,2025-05-14 14:21:54+08:00
159630,A100ETF基金,1.122,1.1217,-0.03,0.012,1.08,19326.0,2154591.2,1.11,1.126,1.11,1.11,1.44,14.74,2.71,-5.68,11559.0,7767.0,-759566.0,-35.25,0.0,0.0,-759566.0,-35.25,381437.0,17.7,378127.0,17.55,-12.0,1.122,1.124,13113744.0,14713621,14713621,2025-05-14,2025-05-14 14:21:51+08:00
561080,全指现金流ETF华安,1.026,1.0304,0.43,0.011,1.08,607692.0,62289598.0,1.017,1.031,1.017,1.015,1.38,36.55,1.14,3.52,325965.0,281727.0,7687868.0,12.34,7103594.0,11.4,584274.0,0.94,-6818133.0,-10.95,-869736.0,-1.4,200.0,1.025,1.027,166250000.0,170572500,170572500,2025-05-14,2025-05-14 14:21:54+08:00
159523,沪深300成长ETF,1.041,1.0434,0.23,0.011,1.07,16391.0,1700717.6,1.031,1.05,1.011,1.03,3.79,2.95,1.17,-14.73,9442.0,6949.0,496476.0,29.19,0.0,0.0,496476.0,29.19,-436789.0,-25.68,-59687.0,-3.51,-200.0,1.041,1.042,55517348.0,57793559,57793559,2025-05-14,2025-05-14 14:21:51+08:00
159791,300ESGETF,0.946,0.9451,-0.1,0.01,1.07,3038.0,287202.0,0.936,0.949,0.935,0.936,1.5,0.87,1.5,-0.28,1441.0,1597.0,-15708.0,-5.47,0.0,0.0,-15708.0,-5.47,20051.0,6.98,-4343.0,-1.51,-1210.0,0.944,0.946,35083347.0,33188846,33188846,2025-05-14,2025-05-14 14:21:54+08:00
530080,上证180ETF天弘,1.045,1.0451,0.01,0.011,1.06,89207.0,9273045.0,1.035,1.051,1.034,1.034,1.64,18.24,1.16,20.97,45171.0,44036.0,831873.0,8.97,56160.0,0.61,775713.0,8.37,-700873.0,-7.56,-131001.0,-1.41,-995.0,1.043,1.046,48917000.0,51118265,51118265,2025-05-14,2025-05-14 14:21:55+08:00
512910,中证A100ETF,1.046,1.0442,-0.17,0.011,1.06,74674.0,7782114.0,1.035,1.051,1.033,1.035,1.74,2.59,1.18,22.58,47786.0,26888.0,624233.0,8.02,0.0,0.0,624233.0,8.02,-335103.0,-4.31,-289130.0,-3.72,116.0,1.045,1.046,288628800.0,301905725,301905725,2025-05-14,2025-05-14 14:21:55+08:00
159686,A100ETF易方达,1.044,1.0417,-0.22,0.011,1.06,9748.0,1009489.4,1.033,1.048,1.032,1.033,1.55,1.63,7.59,4.07,6528.0,3220.0,103246.0,10.23,558646.0,55.34,-455400.0,-45.11,-42154.0,-4.18,-61093.0,-6.05,-300.0,1.042,1.043,59815386.0,62447263,62447263,2025-05-14,2025-05-14 14:21:36+08:00
159731,石化ETF,0.669,0.6683,-0.1,0.007,1.06,21624.0,1441968.6,0.662,0.672,0.661,0.662,1.66,4.66,1.45,-11.79,14226.0,7398.0,256142.0,17.76,0.0,0.0,256142.0,17.76,-210295.0,-14.58,-45847.0,-3.18,-2000.0,0.668,0.669,46375802.0,31025412,31025412,2025-05-14,2025-05-14 14:21:21+08:00
159661,中证A100指数ETF,1.157,1.1547,-0.2,0.012,1.05,14598.0,1679251.7,1.146,1.161,1.144,1.145,1.48,6.03,1.63,7.0,11045.0,3553.0,-559966.0,-33.35,0.0,0.0,-559966.0,-33.35,344198.0,20.5,215768.0,12.85,-4.0,1.155,1.157,24208213.0,28008902,28008902,2025-05-14,2025-05-14 14:21:51+08:00
510270,国企ETF,1.342,1.3477,0.42,0.014,1.05,6460.0,864516.0,1.327,1.352,1.326,1.328,1.96,3.43,2.32,48.6,4487.0,1973.0,300283.0,34.73,0.0,0.0,300283.0,34.73,-66149.0,-7.65,-234135.0,-27.08,-300.0,1.342,1.347,18832100.0,25272678,25272678,2025-05-14,2025-05-14 14:21:54+08:00
515770,摩根MSCIAETF,1.168,1.1679,-0.01,0.012,1.04,35445.0,4113643.0,1.157,1.173,1.156,1.156,1.47,5.08,1.04,0.41,16188.0,19257.0,122777.0,2.98,0.0,0.0,122777.0,2.98,-85791.0,-2.09,-36986.0,-0.9,-100.0,1.166,1.167,69727300.0,81441486,81441486,2025-05-14,2025-05-14 14:21:54+08:00
510390,沪深300ETF平安,4.288,4.286,-0.05,0.044,1.04,5692.0,2436971.0,4.244,4.316,4.243,4.244,1.72,0.42,3.35,-3.03,2616.0,3076.0,257819.0,10.58,0.0,0.0,257819.0,10.58,-229174.0,-9.4,-28645.0,-1.18,10.0,4.28,4.284,135650000.0,581667200,581667200,2025-05-14,2025-05-14 14:21:56+08:00
159843,食品饮料ETF,0.681,0.6819,0.13,0.007,1.04,376748.0,25543611.181,0.674,0.688,0.671,0.674,2.52,8.75,2.04,23.85,207918.0,168830.0,5326927.0,20.85,4937604.0,19.33,389323.0,1.52,-3881943.0,-15.2,-1444984.0,-5.66,-235.0,0.681,0.682,430455136.0,293139948,293139948,2025-05-14,2025-05-14 14:21:54+08:00
512280,MSCIA股ETF景顺,1.467,1.4646,-0.16,0.015,1.03,113.0,16514.0,1.461,1.467,1.461,1.452,0.41,0.03,0.28,-11.28,15.0,98.0,16514.0,100.0,0.0,0.0,16514.0,100.0,0.0,0.0,-16514.0,-100.0,-1.0,1.463,1.464,34005700.0,49886362,49886362,2025-05-14,2025-05-14 14:21:54+08:00
159865,养殖ETF,0.589,0.5899,0.15,0.006,1.03,2030532.0,119494034.531,0.584,0.591,0.582,0.583,1.54,3.54,1.74,11.33,1320829.0,709703.0,10654249.0,8.92,25768971.0,21.57,-15114722.0,-12.65,-7951384.0,-6.65,-2702866.0,-2.26,-32.0,0.589,0.59,5743455744.0,3382895433,3382895433,2025-05-14,2025-05-14 14:21:54+08:00
513990,港股通ETF,1.074,1.0765,0.23,0.011,1.03,127228.0,13647927.0,1.065,1.077,1.062,1.063,1.41,11.06,0.89,1.78,73779.0,53449.0,1177729.0,8.63,-948930.0,-6.95,2126659.0,15.58,-607666.0,-4.45,-570064.0,-4.18,-136.0,1.073,1.074,115000000.0,123510000,123510000,2025-05-14,2025-05-14 14:21:56+08:00
510300,沪深300ETF,4.035,4.0342,-0.02,0.041,1.03,10817502.0,4355515531.0,3.995,4.066,3.992,3.994,1.85,1.13,1.55,24.01,5967649.0,4849854.0,703065424.0,16.14,382346736.0,8.78,320718688.0,7.36,-356143216.0,-8.18,-346922202.0,-7.97,312.0,4.034,4.035,95433789440.0,385075340390,385075340390,2025-05-14,2025-05-14 14:21:54+08:00
561180,A100ETF,1.078,1.0807,0.25,0.011,1.03,5011.0,536787.0,1.069,1.08,1.069,1.067,1.03,0.47,1.76,0.34,4073.0,938.0,-120725.0,-22.49,0.0,0.0,-120725.0,-22.49,68898.0,12.84,51827.0,9.66,-3.0,1.078,1.08,105609600.0,113847149,113847149,2025-05-14,2025-05-14 14:21:56+08:00
159373,创业板50ETF嘉实,0.98,0.981,0.1,0.01,1.03,224625.0,21945262.476,0.97,0.993,0.966,0.97,2.78,5.71,0.96,11.99,102818.0,121807.0,657014.0,2.99,-316817.0,-1.44,973831.0,4.44,-512335.0,-2.33,-144679.0,-0.66,1539.0,0.98,0.981,393557488.0,385686338,385686338,2025-05-14,2025-05-14 14:21:54+08:00
159390,A50指数ETF,1.082,1.0846,0.24,0.011,1.03,264800.0,28516267.549,1.07,1.09,1.07,1.071,1.87,9.4,1.38,19.17,127051.0,137749.0,635842.0,2.23,3326415.0,11.66,-2690573.0,-9.44,-393992.0,-1.38,-241851.0,-0.85,-1000.0,1.082,1.084,281768768.0,304873807,304873807,2025-05-14,2025-05-14 14:21:39+08:00
159919,沪深300ETF,4.071,4.0709,0.0,0.041,1.02,1323774.0,538021937.7,4.032,4.103,4.027,4.03,1.89,0.31,0.99,39.04,680097.0,643677.0,112552985.0,20.92,107754060.0,20.03,4798925.0,0.89,-75294267.0,-13.99,-37258719.0,-6.93,52.0,4.071,4.072,42217416704.0,171867103402,171867103402,2025-05-14,2025-05-14 14:21:54+08:00
517900,银行ETF优选,1.485,1.4876,0.17,0.015,1.02,108469.0,16118767.0,1.47,1.495,1.468,1.47,1.84,8.1,1.51,-8.39,55313.0,53156.0,-207240.0,-1.29,1707396.0,10.59,-1914636.0,-11.88,1239277.0,7.69,-1032037.0,-6.4,91.0,1.485,1.486,133993500.0,198980348,198980348,2025-05-14,2025-05-14 14:21:54+08:00
512650,长三角ETF,0.992,0.9934,0.14,0.01,1.02,36118.0,3569860.0,0.982,0.998,0.98,0.982,1.83,0.95,1.42,1.18,18126.0,17992.0,-38585.0,-1.08,0.0,0.0,-38585.0,-1.08,1517.0,0.04,37068.0,1.04,-1040.0,0.992,0.993,378941600.0,375910067,375910067,2025-05-14,2025-05-14 14:21:55+08:00
159814,创业大盘ETF,0.397,0.3976,0.15,0.004,1.02,845120.0,33420384.4,0.392,0.403,0.392,0.393,2.8,4.91,1.21,-12.24,455201.0,389919.0,1541269.0,4.61,3407086.0,10.19,-1865817.0,-5.58,-1068994.0,-3.2,-472275.0,-1.41,-28.0,0.397,0.398,1720246528.0,682937872,682937872,2025-05-14,2025-05-14 14:21:51+08:00
510040,上证180ETF指数,1.005,1.0075,0.25,0.01,1.01,88637.0,8916993.0,0.997,1.013,0.996,0.995,1.71,7.24,8.78,45.53,51639.0,36998.0,935510.0,10.49,2379293.0,26.68,-1443783.0,-16.19,-755950.0,-8.48,-179560.0,-2.01,4929.0,1.005,1.006,122480000.0,123092400,123092400,2025-05-14,2025-05-14 14:21:55+08:00
513560,香港科技ETF,1.295,1.2986,0.28,0.013,1.01,1534221.0,198513746.0,1.286,1.301,1.286,1.282,1.17,40.87,1.0,16.44,908604.0,625617.0,19109258.0,9.63,14951787.0,7.53,4157471.0,2.09,-12987450.0,-6.54,-6121809.0,-3.08,-1096.0,1.295,1.296,375386000.0,486124870,486124870,2025-05-14,2025-05-14 14:21:56+08:00
530180,上证180ETF易方达,1.001,1.0029,0.19,0.01,1.01,83547.0,8326441.0,0.992,1.007,0.991,0.991,1.61,5.16,4.74,33.61,59927.0,23620.0,637838.0,7.66,1253063.0,15.05,-615225.0,-7.39,-430295.0,-5.17,-207542.0,-2.49,-159.0,1.001,1.002,161952000.0,162113952,162113952,2025-05-14,2025-05-14 14:21:56+08:00
516720,ESGETF,0.897,0.8998,0.31,0.009,1.01,1627.0,146270.0,0.899,0.903,0.897,0.888,0.68,0.63,1.43,0.06,12.0,1615.0,15735.0,10.76,0.0,0.0,15735.0,10.76,180.0,0.12,-15914.0,-10.88,-1.0,0.898,0.899,25837800.0,23176507,23176507,2025-05-14,2025-05-14 14:21:56+08:00
530580,上证180ETF南方,0.997,0.9981,0.11,0.01,1.01,272136.0,27056493.0,0.988,1.002,0.988,0.987,1.42,8.86,2.45,26.71,141814.0,130322.0,1401602.0,5.18,4359531.0,16.11,-2957929.0,-10.93,-1022554.0,-3.78,-379048.0,-1.4,-20000.0,0.996,0.998,307149008.0,306227561,306227561,2025-05-14,2025-05-14 14:21:54+08:00
159545,恒生红利低波ETF,1.303,1.3042,0.09,0.013,1.01,707074.0,92151451.9,1.292,1.308,1.289,1.29,1.47,7.21,1.92,-13.11,410810.0,296264.0,-2684095.0,-2.91,-10763395.0,-11.68,8079300.0,8.77,2370543.0,2.57,313553.0,0.34,-10.0,1.303,1.304,980803696.0,1277987216,1277987216,2025-05-14,2025-05-14 14:21:51+08:00
159750,港股科技50ETF,0.999,1.0001,0.11,0.01,1.01,1061562.0,106063903.7,0.995,1.004,0.993,0.989,1.11,19.0,0.83,-19.31,610639.0,450923.0,11916256.0,11.23,6588062.0,6.21,5328194.0,5.02,-8576189.0,-8.09,-3340068.0,-3.15,-15.0,0.999,1.0,558618256.0,558059638,558059638,2025-05-14,2025-05-14 14:21:54+08:00
159682,创业50ETF,0.897,0.8986,0.18,0.009,1.01,1581491.0,141294025.8,0.888,0.91,0.884,0.888,2.93,3.01,0.9,37.39,787642.0,793849.0,20405324.0,14.44,30480480.0,21.57,-10075156.0,-7.13,-12940391.0,-9.16,-7464935.0,-5.28,-100.0,0.897,0.898,5261307648.0,4719392960,4719392960,2025-05-14,2025-05-14 14:21:54+08:00
515170,食品饮料ETF,0.601,0.6019,0.15,0.006,1.01,1473277.0,88405511.0,0.593,0.608,0.593,0.595,2.52,2.61,2.2,-2.48,903406.0,569871.0,17333260.0,19.61,22795512.0,25.79,-5462252.0,-6.18,-12142061.0,-13.73,-5191200.0,-5.87,-80.0,0.601,0.602,5655257856.0,3398809971,3398809971,2025-05-14,2025-05-14 14:21:56+08:00
520520,恒生消费ETF华泰柏瑞,1.096,1.0992,0.29,0.011,1.01,218128.0,23908155.0,1.085,1.101,1.085,1.085,1.47,29.63,0.87,14.14,111230.0,106898.0,-618849.0,-2.59,0.0,0.0,-618849.0,-2.59,531401.0,2.22,87450.0,0.37,-2200.0,1.096,1.097,73606000.0,80672176,80672176,2025-05-14,2025-05-14 14:21:54+08:00
512990,MSCIA股ETF,1.621,1.6205,-0.03,0.016,1.0,8648.0,1391648.0,1.605,1.629,1.604,1.605,1.56,0.57,0.4,-3.55,4578.0,4070.0,736416.0,52.92,0.0,0.0,736416.0,52.92,-485296.0,-34.87,-251119.0,-18.04,-20.0,1.619,1.62,151015400.0,244795963,244795963,2025-05-14,2025-05-14 14:21:56+08:00
159671,稀有金属ETF基金,0.709,0.7096,0.08,0.007,1.0,194614.0,13814743.961,0.703,0.713,0.702,0.702,1.57,2.74,1.09,42.83,101059.0,93554.0,398802.0,2.89,232433.0,1.68,166369.0,1.2,-424865.0,-3.08,26063.0,0.19,-1.0,0.709,0.71,709551744.0,503072186,503072186,2025-05-14,2025-05-14 14:21:39+08:00
512240,A50ETF龙头,1.013,1.0176,0.45,0.01,1.0,432418.0,43763626.0,1.004,1.021,1.003,1.003,1.79,35.39,2.96,5.09,291312.0,141106.0,6341534.0,14.49,5871287.0,13.42,470247.0,1.07,-6458618.0,-14.76,117084.0,0.27,4581.0,1.012,1.014,122186000.0,123774418,123774418,2025-05-14,2025-05-14 14:21:55+08:00
560380,A100ETF南方,1.008,1.0073,-0.07,0.01,1.0,80039.0,8014301.0,1.0,1.012,0.998,0.998,1.4,4.15,1.39,23.42,45940.0,34099.0,-353337.0,-4.41,-921488.0,-11.5,568151.0,7.09,288989.0,3.61,64349.0,0.8,100.0,1.007,1.008,192861000.0,194403888,194403888,2025-05-14,2025-05-14 14:21:55+08:00
563780,现金流全指ETF,1.016,1.0175,0.15,0.01,0.99,1244459.0,125990458.0,1.005,1.02,1.005,1.006,1.49,32.49,1.15,55.81,645338.0,599121.0,44459792.0,35.29,95475095.0,75.78,-51015303.0,-40.49,-38304270.0,-30.4,-6155522.0,-4.89,-990.0,1.016,1.017,383027104.0,389155538,389155538,2025-05-14,2025-05-14 14:21:55+08:00
510330,沪深300ETF华夏,4.061,4.0606,-0.01,0.04,0.99,798874.0,323408786.0,4.022,4.09,4.018,4.021,1.79,0.16,1.03,28.93,424251.0,374623.0,37414050.0,11.57,31775900.0,9.83,5638150.0,1.74,-30794852.0,-9.52,-6619198.0,-2.05,-206.0,4.061,4.063,48713649920.0,197826132325,197826132325,2025-05-14,2025-05-14 14:21:56+08:00
159631,中证A100ETF,1.021,1.0219,0.09,0.01,0.99,115253.0,11782904.199,1.012,1.027,1.011,1.011,1.58,11.37,1.76,3.07,61404.0,53849.0,265384.0,2.25,0.0,0.0,265384.0,2.25,-193313.0,-1.64,-72071.0,-0.61,-13.0,1.021,1.022,101332605.0,103460590,103460590,2025-05-14,2025-05-14 14:21:48+08:00
159332,央企红利ETF,1.117,1.1186,0.14,0.011,0.99,23816.0,2651764.23,1.102,1.12,1.102,1.106,1.63,2.69,1.58,-73.66,16270.0,7546.0,445173.0,16.79,36554.0,1.38,408619.0,15.41,-507675.0,-19.14,62501.0,2.36,-1.0,1.117,1.118,88521477.0,98878490,98878490,2025-05-14,2025-05-14 14:21:54+08:00
159366,港股医疗ETF,1.12,1.125,0.44,0.011,0.99,243454.0,27220049.143,1.111,1.124,1.111,1.109,1.17,80.26,1.48,-61.84,129789.0,113665.0,1772124.0,6.51,916280.0,3.37,855844.0,3.14,-891807.0,-3.28,-880317.0,-3.23,-1.0,1.119,1.12,30333072.0,33973041,33973041,2025-05-14,2025-05-14 14:21:51+08:00
159375,创业板50ETF国泰,1.021,1.0223,0.13,0.01,0.99,153209.0,15567028.423,1.01,1.034,1.007,1.011,2.67,4.24,1.93,31.86,74996.0,78213.0,247052.0,1.59,-595621.0,-3.83,842673.0,5.41,-135136.0,-0.87,-111915.0,-0.72,-1.0,1.021,1.022,361638128.0,369232529,369232529,2025-05-14,2025-05-14 14:21:51+08:00
159300,300ETF,4.036,4.0398,0.09,0.039,0.98,229201.0,92519910.362,3.997,4.073,3.997,3.997,1.9,4.21,1.63,55.35,138117.0,91084.0,23764857.0,25.69,5172534.0,5.59,18592323.0,20.1,-15321946.0,-16.56,-8442911.0,-9.13,-27.0,4.036,4.037,544558096.0,2197836475,2197836475,2025-05-14,2025-05-14 14:21:54+08:00
159945,能源ETF基金,1.03,1.0301,0.01,0.01,0.98,31196.0,3197272.3,1.022,1.034,1.021,1.02,1.27,11.74,1.36,7.4,12461.0,18735.0,182874.0,5.72,0.0,0.0,182874.0,5.72,-295947.0,-9.26,113073.0,3.54,-1200.0,1.029,1.031,26572327.0,27369497,27369497,2025-05-14,2025-05-14 14:21:51+08:00
563990,800现金流ETF,1.028,1.0317,0.36,0.01,0.98,757976.0,77575580.0,1.016,1.032,1.015,1.018,1.67,20.13,1.0,51.83,447019.0,310957.0,5774425.0,7.44,22428288.0,28.91,-16653863.0,-21.47,-5021022.0,-6.47,-753402.0,-0.97,2500.0,1.028,1.029,376573008.0,387117052,387117052,2025-05-14,2025-05-14 14:21:55+08:00
530300,上证180ETF华泰柏瑞,1.036,1.038,0.19,0.01,0.97,61821.0,6396705.0,1.026,1.042,1.021,1.026,2.05,3.52,1.2,29.89,33139.0,28682.0,-392224.0,-6.13,-910326.0,-14.23,518102.0,8.1,380622.0,5.95,11602.0,0.18,100.0,1.036,1.037,175643000.0,181966148,181966148,2025-05-14,2025-05-14 14:21:54+08:00
159923,中证A100ETF基金,1.777,1.7746,-0.14,0.017,0.97,612.0,107840.2,1.759,1.782,1.756,1.76,1.48,0.35,0.84,-1.73,255.0,357.0,2992.0,2.77,0.0,0.0,2992.0,2.77,24740.0,22.94,-27732.0,-25.72,21.0,1.773,1.776,17285812.0,30716888,30716888,2025-05-14,2025-05-14 14:21:51+08:00
561300,300增强ETF,0.831,0.8327,0.2,0.008,0.97,413679.0,34288634.0,0.823,0.839,0.823,0.823,1.94,1.68,1.54,16.0,222576.0,191103.0,4344310.0,12.67,3888859.0,11.34,455451.0,1.33,-3507130.0,-10.23,-837180.0,-2.44,-50.0,0.831,0.833,2455965008.0,2040906922,2040906922,2025-05-14,2025-05-14 14:21:56+08:00
159736,食品饮料ETF天弘,0.729,0.7298,0.11,0.007,0.97,171305.0,12448693.76,0.721,0.736,0.72,0.722,2.22,0.26,1.48,11.47,114273.0,57032.0,1197531.0,9.62,517335.0,4.16,680196.0,5.46,-860605.0,-6.91,-336926.0,-2.71,75.0,0.729,0.73,6716394496.0,4896251588,4896251588,2025-05-14,2025-05-14 14:21:51+08:00
561930,沪深300ETF招商,1.248,1.2485,0.04,0.012,0.97,478267.0,59492196.0,1.236,1.257,1.235,1.236,1.78,13.24,1.61,74.25,284887.0,193380.0,1688277.0,2.84,1932325.0,3.25,-244048.0,-0.41,-1186874.0,-2.0,-501403.0,-0.84,28.0,1.248,1.249,361260608.0,450853239,450853239,2025-05-14,2025-05-14 14:21:55+08:00
510360,沪深300ETF基金,1.464,1.4651,0.08,0.014,0.97,410339.0,59998062.0,1.45,1.475,1.449,1.45,1.79,0.75,0.74,19.46,178532.0,231807.0,15837120.0,26.4,15677694.0,26.13,159426.0,0.27,-13704540.0,-22.85,-2132581.0,-3.55,61.0,1.463,1.464,5483381248.0,8027670147,8027670147,2025-05-14,2025-05-14 14:21:53+08:00
159673,沪深300ETF鹏华,1.053,1.0546,0.15,0.01,0.96,368093.0,38734149.681,1.043,1.062,1.043,1.043,1.82,1.08,0.66,15.35,193293.0,174800.0,2063732.0,5.33,677011.0,1.75,1386721.0,3.58,-1321857.0,-3.41,-741874.0,-1.92,6.0,1.053,1.054,3407528384.0,3588127388,3588127388,2025-05-14,2025-05-14 14:21:57+08:00
517330,长江保护ETF,0.734,0.731,-0.41,0.007,0.96,489.0,35585.0,0.727,0.734,0.725,0.727,1.24,0.0,1.02,-12.01,115.0,374.0,19815.0,55.68,0.0,0.0,19815.0,55.68,0.0,0.0,-19815.0,-55.68,100.0,0.729,0.731,1828169008.0,1341876052,1341876052,2025-05-14,2025-05-14 14:21:55+08:00
510350,沪深300ETF工银,3.989,3.9913,0.06,0.038,0.96,53795.0,21403837.0,3.951,4.021,3.95,3.951,1.8,0.54,0.81,-10.34,19785.0,34010.0,3951484.0,18.46,-1037555.0,-4.85,4989039.0,23.31,-2885762.0,-13.48,-1065722.0,-4.98,-3.0,3.989,3.99,987414704.0,3938797254,3938797254,2025-05-14,2025-05-14 14:21:54+08:00
515380,沪深300ETF泰康,4.427,4.4316,0.1,0.042,0.96,69310.0,30631783.0,4.385,4.466,4.384,4.385,1.87,0.84,1.22,22.88,33357.0,35953.0,5854655.0,19.11,4555738.0,14.87,1298917.0,4.24,-4406402.0,-14.39,-1448254.0,-4.73,154.0,4.428,4.429,822699808.0,3642092050,3642092050,2025-05-14,2025-05-14 14:21:55+08:00
562080,300现金流ETF,1.052,1.0532,0.11,0.01,0.96,372106.0,39183184.0,1.04,1.056,1.04,1.042,1.54,32.25,1.91,8.62,116829.0,255277.0,-2454004.0,-6.26,-2780111.0,-7.1,326107.0,0.83,617854.0,1.58,1836150.0,4.69,-50.0,1.052,1.053,115378600.0,121378287,121378287,2025-05-14,2025-05-14 14:21:55+08:00
561320,交运ETF,0.959,0.9599,0.09,0.009,0.95,12771.0,1216160.0,0.952,0.959,0.948,0.95,1.16,1.84,2.58,-2.78,7386.0,5385.0,206019.0,16.94,19020.0,1.56,186999.0,15.38,-287057.0,-23.6,81038.0,6.66,1.0,0.958,0.96,69369000.0,66524871,66524871,2025-05-14,2025-05-14 14:21:54+08:00
159391,大盘价值ETF,1.062,1.0638,0.17,0.01,0.95,25595.0,2712668.919,1.052,1.067,1.049,1.052,1.71,9.45,0.41,21.34,8504.0,17091.0,301238.0,11.1,272001.0,10.03,29237.0,1.08,-173515.0,-6.4,-127723.0,-4.71,-10.0,1.062,1.063,27076398.0,28755135,28755135,2025-05-14,2025-05-14 14:21:51+08:00
510150,消费ETF,0.534,0.5348,0.15,0.005,0.95,954565.0,50810862.0,0.529,0.537,0.528,0.529,1.7,2.85,1.43,-2.17,575123.0,379442.0,8689960.0,17.1,10385807.0,20.44,-1695847.0,-3.34,-6285759.0,-12.37,-2404200.0,-4.73,6.0,0.533,0.534,3345178608.0,1786325377,1786325377,2025-05-14,2025-05-14 14:21:54+08:00
510560,国寿500ETF,1.378,1.3686,-0.69,0.013,0.95,2113.0,288348.0,1.364,1.378,1.36,1.365,1.32,0.17,0.91,-0.87,2100.0,13.0,-13780.0,-4.78,0.0,0.0,-13780.0,-4.78,0.0,0.0,13780.0,4.78,100.0,1.366,1.369,126318700.0,174067169,174067169,2025-05-14,2025-05-14 14:21:53+08:00
159593,中证A50指数ETF,1.164,1.1658,0.15,0.011,0.95,1972228.0,228565661.315,1.151,1.174,1.15,1.153,2.08,3.12,1.17,61.92,934703.0,1037525.0,2214568.0,0.97,17893099.0,7.83,-15678531.0,-6.86,-8706225.0,-3.81,6491657.0,2.84,-400.0,1.164,1.165,6317196032.0,7353216181,7353216181,2025-05-14,2025-05-14 14:21:54+08:00
515200,创新100ETF,1.597,1.5895,-0.47,0.015,0.95,11411.0,1812869.0,1.581,1.604,1.575,1.582,1.83,1.13,1.17,4.77,3895.0,7516.0,483501.0,26.67,0.0,0.0,483501.0,26.67,-347011.0,-19.14,-136491.0,-7.53,-64.0,1.591,1.603,100943200.0,161206290,161206290,2025-05-14,2025-05-14 14:21:55+08:00
516670,畜牧养殖ETF,0.647,0.6481,0.17,0.006,0.94,325760.0,21002162.0,0.64,0.648,0.639,0.641,1.4,3.31,1.0,6.28,205211.0,120549.0,1643105.0,7.82,1817453.0,8.65,-174348.0,-0.83,-727549.0,-3.46,-915556.0,-4.36,-18.0,0.647,0.648,985266304.0,637467299,637467299,2025-05-14,2025-05-14 14:21:55+08:00
510310,沪深300ETF易方达,3.855,3.8572,0.06,0.036,0.94,3273214.0,1258154224.0,3.818,3.885,3.815,3.819,1.83,0.47,1.74,54.67,1452535.0,1820679.0,130273312.0,10.35,71971264.0,5.72,58302048.0,4.63,-105114095.0,-8.35,-25159218.0,-2.0,-41.0,3.855,3.856,69369044992.0,267417668444,267417668444,2025-05-14,2025-05-14 14:21:55+08:00
159915,创业板ETF,2.049,2.0483,-0.03,0.019,0.94,10682527.0,2182714254.153,2.032,2.074,2.021,2.03,2.61,2.53,0.93,65.3,5165820.0,5516708.0,261375328.0,11.98,240636960.0,11.02,20738368.0,0.95,-191021536.0,-8.75,-70353798.0,-3.22,286.0,2.048,2.049,42232454912.0,86534300115,86534300115,2025-05-14,2025-05-14 14:21:54+08:00
562000,中证A100ETF基金,0.965,0.9655,0.05,0.009,0.94,353354.0,34048469.0,0.956,0.971,0.955,0.956,1.67,1.32,2.08,19.46,161307.0,192047.0,905757.0,2.66,3655081.0,10.73,-2749324.0,-8.07,-630460.0,-1.85,-275297.0,-0.81,-9.0,0.965,0.966,2682368896.0,2588485985,2588485985,2025-05-14,2025-05-14 14:21:56+08:00
516780,稀土ETF,1.075,1.0761,0.1,0.01,0.94,559295.0,60332209.0,1.064,1.086,1.063,1.065,2.16,6.13,1.07,29.69,340490.0,218806.0,1549456.0,2.57,-2224415.0,-3.69,3773871.0,6.26,200258.0,0.33,-1749715.0,-2.9,-1000.0,1.075,1.076,913049808.0,981528544,981528544,2025-05-14,2025-05-14 14:21:55+08:00
561960,央企回报ETF,1.075,1.0767,0.16,0.01,0.94,20987.0,2247364.0,1.066,1.078,1.065,1.065,1.22,2.47,2.75,-3.32,10122.0,10865.0,189192.0,8.42,0.0,0.0,189192.0,8.42,-117970.0,-5.25,-71223.0,-3.17,-100.0,1.076,1.077,84985200.0,91359090,91359090,2025-05-14,2025-05-14 14:21:56+08:00
159330,沪深300ETF基金,1.179,1.1806,0.14,0.011,0.94,232162.0,27274342.9,1.169,1.189,1.167,1.168,1.88,2.89,1.47,18.97,132868.0,99294.0,8003773.0,29.35,12280922.0,45.03,-4277149.0,-15.68,-4781864.0,-17.53,-3221908.0,-11.81,-102.0,1.179,1.18,803801008.0,947681388,947681388,2025-05-14,2025-05-14 14:21:39+08:00
510630,消费30ETF,0.979,0.9799,0.09,0.009,0.93,275782.0,26930457.0,0.969,0.987,0.966,0.97,2.16,5.61,1.35,-11.71,152548.0,123234.0,5381101.0,19.98,2131951.0,7.92,3249150.0,12.06,-3152416.0,-11.71,-2228684.0,-8.28,400.0,0.978,0.979,491361504.0,481042912,481042912,2025-05-14,2025-05-14 14:21:54+08:00
512520,MSCIETF,1.194,1.1941,0.01,0.011,0.93,3365.0,399582.0,1.183,1.2,1.183,1.183,1.44,0.53,0.58,6.71,886.0,2479.0,84404.0,21.12,0.0,0.0,84404.0,21.12,-56928.0,-14.25,-27476.0,-6.88,1.0,1.193,1.195,63056400.0,75289342,75289342,2025-05-14,2025-05-14 14:21:55+08:00
561800,稀有金属ETF基金,0.544,0.545,0.18,0.005,0.93,42030.0,2294255.0,0.54,0.548,0.539,0.539,1.67,2.52,1.38,4.13,34799.0,7231.0,448820.0,19.56,65447.0,2.85,383373.0,16.71,-360584.0,-15.72,-88236.0,-3.85,-100.0,0.544,0.545,166577200.0,90617997,90617997,2025-05-14,2025-05-14 14:21:55+08:00
563520,沪深300ETF永赢,0.981,0.9823,0.13,0.009,0.93,220288.0,21572716.0,0.972,0.989,0.971,0.972,1.85,1.96,0.67,1.01,111134.0,109154.0,1840029.0,8.53,1863786.0,8.64,-23757.0,-0.11,-1583341.0,-7.34,-256689.0,-1.19,2500.0,0.981,0.982,1123065008.0,1101726773,1101726773,2025-05-14,2025-05-14 14:21:53+08:00
159367,创业板50ETF华夏,0.972,0.9749,0.3,0.009,0.93,15157.0,1473989.075,0.963,0.987,0.96,0.963,2.8,3.29,0.71,21.25,10729.0,4428.0,23023.0,1.56,-342528.0,-23.24,365551.0,24.8,232070.0,15.74,-255093.0,-17.31,-12.0,0.973,0.974,46079029.0,44788816,44788816,2025-05-14,2025-05-14 14:21:54+08:00
512530,沪深300红利ETF,1.516,1.5137,-0.15,0.014,0.93,91393.0,13786712.0,1.495,1.518,1.495,1.502,1.53,4.49,0.7,-29.14,58023.0,33370.0,-746323.0,-5.41,614131.0,4.45,-1360454.0,-9.87,601191.0,4.36,145133.0,1.05,100.0,1.515,1.516,203502000.0,308509032,308509032,2025-05-14,2025-05-14 14:21:56+08:00
561200,中证A100ETF工银,1.194,1.1943,0.03,0.011,0.93,2080.0,246307.0,1.184,1.194,1.183,1.183,0.93,0.53,5.06,0.04,2076.0,4.0,-55324.0,-22.46,0.0,0.0,-55324.0,-22.46,51148.0,20.77,4176.0,1.7,4.0,1.193,1.195,39470500.0,47127777,47127777,2025-05-14,2025-05-14 14:21:56+08:00
159653,ESG300ETF,0.985,0.9871,0.21,0.009,0.92,1545.0,150751.8,0.972,0.99,0.971,0.976,1.95,0.26,0.16,46.13,651.0,894.0,74613.0,49.49,0.0,0.0,74613.0,49.49,-123118.0,-81.67,48506.0,32.18,5.0,0.984,0.985,58972068.0,58087487,58087487,2025-05-14,2025-05-14 14:21:54+08:00
159666,交通运输ETF,0.984,0.9848,0.08,0.009,0.92,93201.0,9118352.8,0.974,0.986,0.971,0.975,1.54,14.38,2.95,9.14,49819.0,43382.0,-412335.0,-4.52,492532.0,5.4,-904867.0,-9.92,454919.0,4.99,-42584.0,-0.47,17.0,0.983,0.985,64832905.0,63795579,63795579,2025-05-14,2025-05-14 14:21:51+08:00
159670,消费ETF基金,0.984,0.9847,0.07,0.009,0.92,39213.0,3843406.6,0.975,0.99,0.972,0.975,1.85,5.32,1.71,-4.49,23311.0,15902.0,909981.0,23.68,-375954.0,-9.78,1285935.0,33.46,-511046.0,-13.3,-398933.0,-10.38,7.0,0.982,0.984,73706921.0,72527610,72527610,2025-05-14,2025-05-14 14:21:51+08:00
560030,800价值ETF,1.201,1.201,0.0,0.011,0.92,2121.0,253156.0,1.19,1.205,1.187,1.19,1.51,0.8,0.7,-0.64,890.0,1231.0,227123.0,89.72,0.0,0.0,227123.0,89.72,-166422.0,-65.74,-60701.0,-23.98,-20.0,1.199,1.201,26432000.0,31744832,31744832,2025-05-14,2025-05-14 14:21:56+08:00
159717,ESGETF,0.879,0.8803,0.15,0.008,0.92,3454.0,301857.6,0.871,0.886,0.869,0.871,1.95,0.62,3.09,-1.35,2474.0,980.0,-47388.0,-15.7,0.0,0.0,-47388.0,-15.7,91946.0,30.46,-44559.0,-14.76,-43.0,0.879,0.881,55373183.0,48673028,48673028,2025-05-14,2025-05-14 14:21:51+08:00
515090,可持续发展ETF,1.211,1.215,0.33,0.011,0.92,3964.0,478646.0,1.2,1.211,1.2,1.2,0.92,6.83,1.77,-7.84,1841.0,2123.0,15991.0,3.34,0.0,0.0,15991.0,3.34,0.0,0.0,-15990.0,-3.34,4.0,1.213,1.215,5801700.0,7025859,7025859,2025-05-14,2025-05-14 14:21:55+08:00
512160,MSCI中国A股ETF,1.211,1.2133,0.19,0.011,0.92,9085.0,1095123.0,1.202,1.219,1.2,1.2,1.58,0.39,0.43,-0.92,4669.0,4416.0,209901.0,19.17,0.0,0.0,209901.0,19.17,-187380.0,-17.11,-22522.0,-2.06,-101.0,1.211,1.212,235777800.0,285526916,285526916,2025-05-14,2025-05-14 14:21:54+08:00
159738,云计算ETF华泰柏瑞,1.207,1.2085,0.12,0.011,0.92,258677.0,31208029.2,1.198,1.217,1.198,1.196,1.59,4.97,1.17,24.29,145357.0,113320.0,3434490.0,11.01,1280080.0,4.1,2154410.0,6.9,-2462257.0,-7.89,-972234.0,-3.12,47.0,1.205,1.207,520992672.0,628838155,628838155,2025-05-14,2025-05-14 14:21:54+08:00
159393,沪深300指数ETF,3.932,3.9356,0.09,0.036,0.92,66164.0,25946062.119,3.896,3.964,3.895,3.896,1.77,9.0,1.45,89.15,27644.0,38520.0,4531337.0,17.46,862986.0,3.33,3668351.0,14.14,-2656121.0,-10.24,-1875216.0,-7.23,300.0,3.932,3.934,73546342.0,289184217,289184217,2025-05-14,2025-05-14 14:21:54+08:00
510060,央企ETF,2.529,2.5338,0.19,0.023,0.92,23348.0,5870602.0,2.51,2.54,2.47,2.506,2.79,4.17,2.16,72.42,14218.0,9130.0,1638801.0,27.92,4169314.0,71.02,-2530513.0,-43.1,-1201934.0,-20.47,-436868.0,-7.44,-17.0,2.529,2.53,55959200.0,141520817,141520817,2025-05-14,2025-05-14 14:21:54+08:00
159209,中证红利质量ETF,1.0,1.0017,0.17,0.009,0.91,522986.0,52394707.668,0.991,1.007,0.988,0.991,1.92,20.78,6.19,28.98,116153.0,406833.0,4421175.0,8.44,8272221.0,15.79,-3851046.0,-7.35,-3252395.0,-6.21,-1168780.0,-2.23,20.0,1.0,1.001,251635053.0,251635053,251635053,2025-05-14,2025-05-14 14:21:51+08:00
562310,沪深300成长ETF,0.779,0.7797,0.09,0.007,0.91,155713.0,12090499.0,0.771,0.784,0.77,0.772,1.81,1.4,1.71,-2.41,92448.0,63266.0,979686.0,8.1,603780.0,4.99,375906.0,3.11,-381545.0,-3.16,-598141.0,-4.95,40.0,0.778,0.779,1110572304.0,865135825,865135825,2025-05-14,2025-05-14 14:21:54+08:00
159721,深证100ETF永赢,0.778,0.7784,0.05,0.007,0.91,3992.0,309687.8,0.768,0.783,0.768,0.771,1.95,0.36,1.28,-0.27,1439.0,2553.0,146371.0,47.26,0.0,0.0,146371.0,47.26,-113189.0,-36.55,-33182.0,-10.71,-1.0,0.776,0.778,111431696.0,86693859,86693859,2025-05-14,2025-05-14 14:21:54+08:00
515330,沪深300ETF天弘,1.103,1.1049,0.17,0.01,0.91,108729.0,11944323.0,1.093,1.111,1.092,1.093,1.74,0.12,0.2,63.45,46030.0,62699.0,2183812.0,18.28,-140466.0,-1.18,2324278.0,19.46,-1353234.0,-11.33,-830579.0,-6.95,-10.0,1.103,1.104,8858709504.0,9771156583,9771156583,2025-05-14,2025-05-14 14:21:56+08:00
561500,漂亮50ETF,0.662,0.6602,-0.27,0.006,0.91,14655.0,966412.0,0.658,0.664,0.656,0.656,1.22,1.7,1.15,-0.33,6846.0,7809.0,111074.0,11.49,0.0,0.0,111074.0,11.49,-105115.0,-10.88,-5959.0,-0.62,-600.0,0.659,0.66,86100300.0,56998399,56998399,2025-05-14,2025-05-14 14:21:56+08:00
515390,沪深300ETF指数基金,1.116,1.1178,0.16,0.01,0.9,246052.0,27313878.0,1.106,1.124,1.104,1.106,1.81,4.53,1.36,9.44,138198.0,107854.0,4362762.0,15.97,6959572.0,25.48,-2596810.0,-9.51,-2808958.0,-10.28,-1553803.0,-5.69,-393.0,1.116,1.117,542683008.0,605634237,605634237,2025-05-14,2025-05-14 14:21:56+08:00
516130,消费龙头ETF,0.788,0.7883,0.04,0.007,0.9,53073.0,4165672.0,0.78,0.793,0.78,0.781,1.66,3.88,1.29,0.93,36212.0,16861.0,495131.0,11.89,787539.0,18.91,-292408.0,-7.02,-224895.0,-5.4,-270235.0,-6.49,3000.0,0.787,0.788,136890000.0,107869320,107869320,2025-05-14,2025-05-14 14:21:54+08:00
159767,电池龙头ETF,0.562,0.5632,0.21,0.005,0.9,41181.0,2308913.9,0.565,0.568,0.557,0.557,1.97,1.93,1.06,48.11,20124.0,21057.0,354497.0,15.35,750291.0,32.5,-395794.0,-17.14,-266298.0,-11.53,-88199.0,-3.82,-400.0,0.562,0.564,213873672.0,120197004,120197004,2025-05-14,2025-05-14 14:21:51+08:00
517090,央企共赢ETF,1.468,1.4712,0.22,0.013,0.89,83075.0,12142119.0,1.455,1.471,1.453,1.455,1.24,4.09,0.44,-16.65,56826.0,26249.0,3173600.0,26.14,2991067.0,24.63,182533.0,1.5,-1222590.0,-10.07,-1951011.0,-16.07,100.0,1.467,1.468,203075000.0,298114100,298114100,2025-05-14,2025-05-14 14:21:56+08:00
159991,创大盘ETF,0.451,0.4522,0.27,0.004,0.89,73519.0,3317552.7,0.448,0.458,0.445,0.447,2.91,2.46,1.02,32.18,37823.0,35696.0,378839.0,11.42,386951.0,11.66,-8112.0,-0.24,-229247.0,-6.91,-149593.0,-4.51,-1.0,0.451,0.452,298663168.0,134697089,134697089,2025-05-14,2025-05-14 14:21:39+08:00
159925,沪深300ETF南方,3.962,3.9656,0.09,0.035,0.89,255873.0,101066223.272,3.927,3.996,3.923,3.927,1.86,2.62,1.41,65.69,146115.0,109758.0,-358355.0,-0.35,15659929.0,15.5,-16018284.0,-15.85,4843313.0,4.79,-4484959.0,-4.44,-60.0,3.962,3.963,977720864.0,3873730063,3873730063,2025-05-14,2025-05-14 14:21:54+08:00
561130,国货ETF,0.795,0.7962,0.15,0.007,0.89,85592.0,6811205.0,0.786,0.803,0.786,0.788,2.16,4.2,1.03,4.21,41931.0,43661.0,176102.0,2.59,0.0,0.0,176102.0,2.59,-79440.0,-1.17,-96662.0,-1.42,-1.0,0.795,0.797,203935200.0,162128484,162128484,2025-05-14,2025-05-14 14:21:54+08:00
159691,港股红利ETF,1.139,1.1418,0.25,0.01,0.89,1079331.0,122504858.22,1.13,1.141,1.127,1.129,1.24,2.04,1.05,8.4,624271.0,455060.0,11617449.0,9.48,4540381.0,3.71,7077068.0,5.78,-7099541.0,-5.8,-4517909.0,-3.69,-1292.0,1.139,1.14,5283301376.0,6017680267,6017680267,2025-05-14,2025-05-14 14:21:54+08:00
560180,沪深300ESGETF南方,1.015,1.0154,0.04,0.009,0.89,74687.0,7544257.0,1.005,1.02,1.005,1.006,1.49,29.17,1.3,-6.23,42338.0,32349.0,-42492.0,-0.56,-3132758.0,-41.53,3090266.0,40.96,76088.0,1.01,-33595.0,-0.45,3000.0,1.014,1.016,25603000.0,25987045,25987045,2025-05-14,2025-05-14 14:21:55+08:00
515130,沪深300ETF博时,1.248,1.2497,0.14,0.011,0.89,89677.0,11171133.0,1.234,1.258,1.234,1.237,1.94,4.71,3.04,10.87,52315.0,37362.0,428566.0,3.84,-102424.0,-0.92,530990.0,4.75,11561.0,0.1,-440127.0,-3.94,-8.0,1.248,1.249,190463200.0,237698074,237698074,2025-05-14,2025-05-14 14:21:54+08:00
530680,上证180指数ETF基金,1.018,1.02,0.2,0.009,0.89,210508.0,21396857.0,1.009,1.025,1.008,1.009,1.68,3.29,1.95,43.35,122762.0,87746.0,4387477.0,20.51,7081101.0,33.09,-2693624.0,-12.59,-3888562.0,-18.17,-498915.0,-2.33,-76.0,1.018,1.019,638891904.0,650391958,650391958,2025-05-14,2025-05-14 14:21:56+08:00
159948,创业板ETF南方,2.278,2.278,0.0,0.02,0.89,191845.0,43569624.5,2.26,2.306,2.248,2.258,2.57,0.92,1.08,82.97,97861.0,93984.0,-1160578.0,-2.66,34424.0,0.08,-1195002.0,-2.74,2608940.0,5.99,-1448362.0,-3.32,45.0,2.277,2.278,2090697728.0,4762609424,4762609424,2025-05-14,2025-05-14 14:21:54+08:00
159952,创业板ETF广发,1.251,1.2517,0.06,0.011,0.89,1179209.0,146916784.5,1.241,1.267,1.236,1.24,2.5,1.44,0.97,77.94,536020.0,643189.0,12806175.0,8.72,-274542.0,-0.19,13080717.0,8.9,-7070020.0,-4.81,-5736154.0,-3.9,2.0,1.25,1.252,8183284992.0,10237289525,10237289525,2025-05-14,2025-05-14 14:21:54+08:00
561760,油气ETF博时,0.908,0.9098,0.2,0.008,0.89,25891.0,2346929.0,0.896,0.912,0.894,0.9,2.0,10.08,1.79,7.42,12177.0,13714.0,198913.0,8.48,0.0,0.0,198913.0,8.48,-85549.0,-3.65,-113365.0,-4.83,-42.0,0.908,0.91,25695000.0,23331060,23331060,2025-05-14,2025-05-14 14:21:55+08:00
159958,创业板ETF工银,1.248,1.2498,0.14,0.011,0.89,18130.0,2249019.7,1.239,1.262,1.232,1.237,2.43,0.52,0.67,18.53,4058.0,14072.0,690516.0,30.7,85908.0,3.82,604608.0,26.88,-484935.0,-21.56,-205582.0,-9.14,25.0,1.247,1.249,351911456.0,439185497,439185497,2025-05-14,2025-05-14 14:21:54+08:00
515310,沪深300指数ETF,1.148,1.1499,0.17,0.01,0.88,109233.0,12523160.0,1.138,1.157,1.137,1.138,1.76,4.67,1.04,1.07,50766.0,58467.0,4391263.0,35.07,1511893.0,12.07,2879370.0,22.99,-2596214.0,-20.73,-1795048.0,-14.33,-286.0,1.147,1.148,234111200.0,268759658,268759658,2025-05-14,2025-05-14 14:21:54+08:00
517300,沪港深300ETF,0.804,0.8081,0.51,0.007,0.88,28172.0,2259865.0,0.796,0.807,0.796,0.797,1.38,0.09,1.55,-7.79,19939.0,8233.0,831767.0,36.81,4978.0,0.22,826789.0,36.59,-784199.0,-34.7,-47568.0,-2.1,-76.0,0.803,0.804,3288434496.0,2643901335,2643901335,2025-05-14,2025-05-14 14:21:53+08:00
515150,一带一路ETF,1.264,1.2644,0.03,0.011,0.88,42653.0,5385151.0,1.255,1.268,1.253,1.253,1.2,0.77,1.31,-12.21,22373.0,20280.0,-53524.0,-0.99,11711.0,0.22,-65235.0,-1.21,-100557.0,-1.87,154080.0,2.86,20.0,1.263,1.264,554703200.0,701144845,701144845,2025-05-14,2025-05-14 14:21:55+08:00
